4844 6122
267 195 413 284 xnvu
457 194 857 274 urnaraararro
879 195 1051 274 orans
1078 189 1471 293 ouaouaauurrr
1493 185 1783 263 Prummu
1817 184 1907 260 cn.
1922 183 1950 260 1.
2086 187 2140 276 cs

170 377 228 452 Ac
242 369 460 448 bominibus
472 373 587 446 multa
609 371 777 444 accidunt
801 384 951 466 propter
976 395 1084 464 gene·
1133 383 1205 444 tur.
1262 367 1333 440 Sed
1354 391 1437 438 cum
1459 362 1716 460 praevidentur
1738 373 1774 435 et
1794 361 2143 452 caventurt‘naturaq

75 486 184 558 ralem
202 475 528 560 constitutionem,
553 499 630 546 nou
652 499 695 546 ex
715 476 864 570 propria
890 475 1085 568 particula·
1133 473 1226 544 libus
1239 471 1423 556 remediis,
1446 493 1540 563 quae
1556 467 1630 538 vim
1647 463 1782 536 habent
1796 465 2016 536 contrariam
2033 467 2140 560 quasi

75 591 123 662 ris
138 599 295 657 naturae
310 580 504 676 qualitate:
531 591 571 650 ut
588 581 734 674 quaudo
758 591 908 672 propter
933 601 1082 670 magnas
1133 576 1235 646 fatali
1253 575 1402 658 ordine,
1429 585 1493 642 aut
1513 595 1661 666 prorsus
1687 581 1920 654 avertuntur,
1956 581 2020 640 aut
2040 570 2143 646 ruiti«.

82 691 169 762 aeris
189 683 468 766 conversiones,
512 706 604 776 quae
629 683 819 752 difficulter
852 681 972 752 caveri
1000 705 1083 773 pos·
1134 692 1267 772 gantur
1283 689 1443 748 eventus.

84 807 183 876 sunt,
206 803 305 862 totae
325 799 453 879 gentes
476 784 676 868 intereunt,
710 787 801 856 sicut
822 786 861 855 iit
882 783 921 854 in
943 783 1082 852 ardori·
1236 779 1404 876 Denique
1419 803 1500 848 cum
1519 778 1643 848 eadem
1660 775 1713 846 vis
1729 771 1970 865 conspiciatur
1986 773 2026 844 in
2049 798 2141 870 qua-

87 900 176 978 bus,
200 905 257 962 aut
268 887 493 984 pestilentia,
514 899 575 958 aut
588 887 751 972 diluviis,
775 912 855 958 cum
872 911 1014 980 semper
1028 886 1082 955 in·
1134 898 1219 956 tuor
1232 883 1320 954 anni
1333 881 1518 976 partibus,
1546 892 1581 950 et
1594 881 1633 948 in
1649 871 1927 972 particularibus
1941 901 2146 969 corporum.

97 998 201 1068 ierior
213 1018 309 1066 causa
326 992 538 1064 succumbat
558 991 691 1060 maiori
713 1003 748 1061 et
768 989 948 1060 validiori.
999 989 1081 1060 Alia
1121 985 1416 1070 mutationibus,
1458 983 1590 1054 mirum
1615 994 1687 1066 est,
1721 1005 1785 1052 cur
1807 1003 1932 1050 omnes
1955 982 2139 1054 fateantur

74 211 125 284 17

107 1095 176 1170 vero
192 1095 360 1168 eveniunt
384 1106 535 1187 propter
558 1095 782 1186 singulorum
807 1093 971 1164 naturale
992 1105 1082 1163 tem·
1135 1093 1319 1184 generales
1353 1087 1618 1183 praedictiones
1650 1084 1838 1176 possibiles
1874 1107 1968 1168 esse,
2016 1087 2141 1179 eisque

96 1213 354 1296 paramentum,
382 1198 428 1266 ab
448 1195 572 1287 exigua
590 1210 625 1266 et
642 1197 813 1266 imbecilli
831 1196 921 1266 coeli
940 1197 1082 1266 actione
1134 1197 1242 1266 fidem
1265 1191 1443 1275 habeant,
1482 1202 1517 1260 et
1543 1189 1764 1281 diligentiam
1787 1187 1826 1258 iu
1851 1189 2011 1258 cavendo
2036 1185 2140 1261 adbi-

90 1319 169 1376 orta.
215 1303 301 1372 Hoc
318 1299 527 1370 discrimine
549 1299 825 1382 animadverso,
850 1297 1082 1393 perspicuum
1133 1299 1254 1368 beant.
1304 1297 1399 1370 Nam
1419 1307 1575 1388 quatuor
1597 1292 1684 1362 anni
1706 1304 1892 1383 tempora,
1926 1303 1961 1360 et
1985 1293 2142 1364 lixarum

88 1422 150 1492 est,
174 1419 338 1487 eventus,
365 1428 429 1472 seu
445 1427 652 1474 communes
669 1428 731 1474 seu
746 1401 994 1496 particulares,
1018 1401 1084 1496 qui
1134 1401 1318 1472 stellarum
1341 1397 1639 1490 significationes,
1674 1407 1710 1466 et
1725 1392 1851 1465 Lunae
1866 1393 2025 1488 positus,
2059 1397 2141 1488 plu-2

90 1511 211 1582 acoelo
234 1521 381 1578 tantum
409 1505 595 1590 oriuntur,
629 1507 688 1575 cui
709 1506 807 1576 nulla
833 1505 886 1578 vis
910 1506 1081 1576 obsistere
1134 1504 1217 1573 rimi
1234 1516 1269 1573 et
1284 1505 1478 1574 observant
1493 1511 1529 1570 et
1544 1523 1676 1592 magna
1692 1497 1877 1590 diligentia
1895 1499 2054 1568 remedia
2074 1525 2142 1592 ops.

91 1627 209 1708 potest,
261 1611 436 1706 quodque
466 1608 539 1676 vim
571 1609 748 1679 maiorem
780 1604 889 1678 habet
921 1609 1082 1702 quolibet
1134 1619 1293 1698 ponunt;
1338 1618 1475 1678 aestum
1510 1603 1652 1674 leniunt
1684 1603 1791 1673 rebus
1824 1601 2142 1692 frigefacientibus,

90 1732 199 1788 contra
213 1715 380 1796 nitente,
408 1712 609 1782 necessario
628 1712 801 1782 accidere.

181 1819 254 1888 atii
272 1841 360 1886 vero
379 1826 546 1896 eventus,
571 1813 721 1908 quinon
737 1840 756 1884 a
773 1813 850 1886 solo
867 1825 970 1882 motu
991 1809 1082 1881 coeli

94 1921 268 2004 oriuntur,
309 1919 340 1990 si
363 1919 538 1988 accedant
564 1917 728 2010 opposita
759 1917 938 1999 remedia,
979 1913 1082 1984 facile

96 2037 298 2100 mutantur,
342 2021 371 2090 si
404 2044 493 2090 vero
526 2044 602 2088 non
636 2016 876 2091 adhibeantur
909 2017 1083 2100 remedia,

101 2138 245 2194 eventus
266 2137 449 2216 sequentur
472 2121 607 2214 primas
632 2149 766 2196 causas.
832 2121 943 2220 quue
965 2123 1006 2192 fit
1028 2120 1083 2188 in·

111 2226 246 2296 scientia
267 2219 462 2308 bominum,
497 2249 571 2296 non
595 2234 745 2320 propter
765 2227 911 2296 fatalem
933 2221 1083 2296 necessi-

104 2341 217 2400 tatem.
279 2325 372 2396 ldem
397 2327 527 2397 accidit
550 2329 588 2396 iu
615 2329 802 2414 omnibus,
836 2354 928 2426 quae
947 2324 1085 2398 habent

94 2457 208 2503 causas
220 2431 402 2502 naturales
420 2444 455 2500 et
470 2431 661 2524 principia.
714 2431 808 2504 Nam
827 2447 862 2504 et
886 2431 1024 2524 lapides
1049 2441 1085 2502 et

93 2537 224 2630 plantae
252 2547 288 2603 et
315 2533 539 2618 animantia,
590 2548 625 2604 et
654 2535 803 2608 vulnera
833 2549 868 2606 et
898 2535 1019 2606 morbi
1049 2545 1086 2604 et

93 2639 343 2732 aegritudines,
377 2637 511 2728 partim
536 2639 753 2711 necessarias
773 2636 907 2710 babent
929 2637 1084 2710 effectio-

91 2767 163 2828 nes,
186 2741 326 2835 partim
342 2741 514 2832 impediri
531 2741 705 2834 oppositis
722 2744 891 2814 remediis
906 2755 1068 2836 possunt.

178 2845 235 2916 Sic
252 2845 369 2937 igitur
386 2841 663 2916 existimandum
682 2859 754 2931 est,
775 2861 932 2926 ,naturae
948 2847 1086 2920 studio·

89 2973 139 3022 sos
154 2950 364 3043 praedicere
388 2959 556 3032 eventus,
589 2947 653 3042 qui
677 2949 845 3022 accidunt
865 2943 1086 3036 bominibus,

88 3053 148 3122 tali
160 3051 325 3123 doctrina
338 3103 350 3134 ,
375 3074 454 3119 non
467 3050 570 3120 inani
583 3051 704 3148 aliqua
725 3053 910 3146 opinione.

188 3156 355 3246 Quorum
372 3152 484 3243 igitur
502 3166 695 3225 eventuum
719 3156 853 3227 multae
876 3171 911 3228 et
932 3181 1086 3250 magnac

97 3279 212 3327 causae
230 3271 337 3340 sunt,
372 3253 415 3326 bi
434 3269 518 3326 sunt
537 3257 781 3342 inevitabilem
824 3261 989 3343 sedulii,
1023 3260 1087 3356 qui

87 3359 232 3433 leviores
264 3357 410 3432 babent
442 3383 591 3448 causas,
639 3362 743 3434 facile
778 3364 887 3436 vitari
919 3376 1087 3457 possunt;

88 3465 171 3536 sicut
184 3465 342 3547 medici,
369 3463 437 3557 qui
454 3467 600 3537 morbos
617 3478 693 3536 arte
709 3468 922 3552 observant,
957 3467 1089 3540 discer-

88 3592 167 3640 nere
182 3579 339 3664 possunt
356 3567 481 3638 letales
498 3570 543 3638 ah
560 3569 622 3654 iis,
646 3571 808 3664 quisunt
824 3570 1012 3644 curabiles.

184 3673 239 3742 De
255 3667 315 3740 bis
330 3670 442 3760 igitur
456 3673 661 3758 eventibus,
689 3675 752 3769 qui
767 3675 903 3746 mutari
925 3687 1091 3768 possunt,

84 3773 133 3847 sic
150 3775 343 3848 audiemus
357 3771 653 3862 Genethliacum‚
681 3803 762 3848 cum
780 3779 861 3850 talis
886 3778 933 3851 sit
957 3780 1090 3852 consti·

84 3877 197 3950 tutio:
225 3879 265 3948 Si
285 3878 396 3948 luerit
418 3879 606 3951 conversio
629 3883 904 3975 temperamenti
927 3883 1090 3976 corporis

85 3981 288 4054 sectandum
301 3981 381 4074 plus
397 3982 454 4050 vel
470 3982 608 4068 minus,
643 3984 741 4056 iuxta
767 3981 862 4056 banc
882 3986 975 4056 aeris
1000 4011 1088 4081 qua-

89 4083 258 4164 litatem,
280 4086 423 4156 morbus
439 4085 520 4156 talis
540 4085 676 4160 existet.
728 4088 786 4160 Sic
807 4102 842 4160 et
865 4089 1025 4164 medicus
1045 4092 1091 4160 de

81 4185 273 4260 ulceribus
286 4183 465 4271 iudicans,
490 4191 651 4262 futurum
666 4193 865 4284 praedicet:
901 4215 993 4288 quae
1018 4217 1091 4266 ser-

79 4305 193 4390 pent,
221 4313 314 4386 quae
330 4293 631 4384 putrefactionem
645 4295 788 4367 facient.
831 4295 890 4368 Sic
906 4309 941 4364 et
954 4298 999 4365 de
1017 4321 1092 4370 me-

82 4397 176 4468 tallis
191 4395 265 4465 dici
283 4407 420 4488 potest:
446 4395 596 4490 Magnes
612 4399 748 4470 ferrum
767 4395 889 4470 trahit.
942 4399 1092 4470 Utrum-

91 4523 157 4592 que
172 4499 271 4570 enim
289 4497 323 4568 si
335 4523 423 4568 suae
437 4513 587 4570 naturae
603 4501 847 4597 relinquetur,
872 4515 909 4574 et
923 4501 1092 4596 ignoren-

90 4615 150 4671 tur
168 4601 430 4698 impedientia,
453 4603 524 4672 vim
543 4607 720 4676 exercebit
738 4631 824 4678 suae
842 4619 993 4678 naturae
1008 4631 1092 4700 pro-

79 4709 201 4801 priam
221 4719 260 4778 et
277 4705 450 4800 primam.
508 4707 580 4778 Sed
601 4709 721 4780 ulcera
744 4733 811 4780 nec
831 4723 997 4802 serpent,
1026 4733 1094 4780 nec

79 4811 392 4904 putrefactionem
408 4807 551 4895 facient,
577 4812 609 4886 si
623 4813 804 4910 contraria
821 4814 960 4884 curatio
977 4835 1094 4884 acces-

80 4919 189 4998 serit;
218 4941 289 4986 nec
311 4914 448 4984 ferrum
471 4909 591 4986 trahet
610 4939 776 5008 magnes,
809 4915 840 4988 si
859 4915 1020 5008 magneti
1043 4915 1094 4986 al·

83 5021 171 5092 lium
189 5017 306 5092 luerit
323 5017 477 5089 illatum.
527 5018 627 5090 Sicut
651 5019 760 5112 igitur
783 5015 872 5090 haec
895 5017 1094 5112 impedien-

1134 1707 1290 1780 hiemem
1322 1706 1630 1790 calefacientibus,
1678 1715 1714 1773 et
1743 1706 1782 1774 in
1812 1705 2021 1776 universum
2051 1708 2141 1776 daut

1136 1838 1307 1906 operam,
1331 1825 1372 1882 ut
1394 1821 1764 1904 temperamentorum
1781 1807 2048 1880 mediocritates
2065 1811 2144 1882 effi.

1136 1917 1249 1998 ciant;
1292 1917 1487 1986 observant
1512 1927 1547 1982 et
1573 1915 1692 1984 stellas
1715 1913 1822 1997 fixas,
1864 1924 1947 1982 aute
1979 1925 2140 2006 quatuor

1136 2019 1223 2090 anni
1237 2031 1402 2112 tempora
1420 2026 1553 2086 stante
1571 2015 1832 2106 navigationes.
1882 2011 1924 2084 ln
1941 2015 2038 2088 cuitu
2052 2041 2142 2098 vero

1135 2146 1307 2216 pecorum
1333 2133 1368 2192 et
1389 2120 1550 2192 serendis
1570 2118 1723 2212 plantis,
1757 2118 1882 2192 Lunae
1901 2119 2040 2212 positus
2055 2143 2143 2193 cons
2265 2125 2269 2134 '

1135 2225 1315 2304 siderant;
1343 2248 1461 2319 neque
1487 2219 1581 2292 banc
1603 2223 1827 2313 diligentiam
1851 2235 1914 2294 aut
1936 2222 2142 2316 impossibi-

1135 2329 1227 2412 lem,
1268 2339 1332 2397 aut
1353 2327 1518 2397 inutilem
1544 2350 1619 2396 esse
1644 2339 1800 2396 censent.
1869 2326 1942 2396 Cur
1966 2327 2076 2418 igitur
2099 2329 2141 2398 in

1136 2429 1415 2525 particularibus
1445 2442 1581 2524 negant
1614 2428 1822 2522 possibilem
1852 2429 2139 2522 praedictionem

1137 2548 1201 2606 aut
1211 2535 1338 2606 utilem
1357 2557 1451 2617 esse,
1478 2559 1559 2604 curn
1576 2557 1619 2604 ex
1634 2533 1856 2627 reliquarum
1874 2531 2142 2624 proprietatum

1136 2639 1314 2721 mixtura,
1346 2637 1465 2711 maior
1489 2650 1551 2708 aut
1574 2636 1696 2706 minor
1720 2649 1838 2708 aestus
1860 2647 1923 2708 aut
1944 2630 2142 2712 humiditas

1136 2737 1383 2836 praedicitur?

1242 2843 1333 2920 Cum
1348 2855 1468 2914 autem
1485 2843 1719 2919 manifestum
1733 2842 1797 2928 sit,
1818 2845 2003 2936 generales
2024 2861 2146 2924 aestus

1138 2949 1258 3022 minus
1274 2946 1407 3022 sentire
1428 2970 1508 3032 eos,
1542 2946 1605 3041 qui
1628 2946 1759 3040 frigida
1783 2963 1990 3040 opponunt:
2024 2965 2146 3046 potest

1139 3055 1267 3124 eodem
1283 3051 1394 3124 modo
1411 3050 1451 3120 in
1465 3049 1707 3142 singularibus
1725 3050 1822 3136 fieri,
1855 3065 1897 3124 ut
1910 3071 2144 3146 opponantur

1138 3155 1299 3229 remedia
1321 3156 1492 3225 adversus
1518 3178 1580 3238 ea,
1611 3177 1705 3248 quae
1728 3168 1861 3247 augent
1885 3155 2145 3238 immoderatus

1140 3263 1313 3344 ardores,
1338 3256 1569 3354 peculiariter
1587 3257 1626 3328 in
1640 3253 1711 3330 hoc
1728 3270 2026 3351 temperamento.

1242 3361 1313 3434 Sed
1329 3386 1472 3435 errores
1494 3362 1533 3432 iu
1555 3361 1798 3455 singularibus
1818 3387 1862 3434 eo
1887 3365 2029 3458 saepius
2052 3371 2144 3440 acei-

1140 3467 1251 3552 dunt,
1279 3479 1474 3560 propterea
1496 3470 1595 3562 quod
1620 3467 1809 3538 difficulter
1832 3471 2037 3560 praevideri
2061 3498 2148 3566 pos-

1141 3583 1244 3654 sunt,
1272 3571 1371 3666 quod
1387 3570 1494 3640 etiam
1509 3569 1548 3642 in
1568 3570 1719 3665 reliquis
1739 3570 1876 3644 artibus
1897 3574 2045 3660 accidit,
2078 3579 2147 3652 eis-

1142 3699 1211 3770 que
1225 3675 1333 3744 fidem
1350 3669 1520 3748 detrahit.
1570 3673 1710 3746 Deinde
1726 3675 1939 3772 plerumque
1961 3681 2145 3754 contraria

1141 3778 1301 3850 remedia
1317 3778 1561 3870 negliguntur,
1585 3801 1627 3847 ac
1641 3779 1824 3850 rarissima
1841 3791 1893 3852 est
1906 3795 2037 3852 natura
2052 3787 2144 3856 adeo

1141 3883 1245 3968 felix,
1271 3905 1363 3980 quae
1382 3882 1467 3952 iude
1483 3906 1595 3976 usque
1616 3883 1662 3952 ab
1683 3883 1832 3954 exordio
1854 3906 1930 3954 uon
1945 3885 2055 3970 fuerit
2076 3887 2147 3966 ime

1141 3987 1278 4080 pedite.
1327 3981 1416 4056 lnde
1438 3987 1499 4070 lit,
1529 3996 1570 4055 ut
1593 3986 1841 4058 existimentur
1866 3989 1987 4060 omnia
2012 3989 2152 4068 immun

1144 4091 1302 4162 tabiliter
1317 4090 1480 4172 evenire,
1505 4113 1571 4158 nec
1584 4093 1704 4160 caveri
1719 4114 1836 4184 posse.

1246 4193 1305 4264 Sic
1322 4193 1438 4286 ¹igitur
1460 4205 1596 4263 statuo:
1637 4194 1689 4264 Ut
1709 4193 1911 4288 praevisio,
1945 4195 2010 4268 etsi
2032 4197 2146 4280 inter-

1143 4297 1230 4368 dum
1244 4296 1423 4382 fallimur,
1449 4309 1571 4366 tamen
1587 4296 1708 4392 aliqua
1723 4298 1902 4390 possibilis
1919 4311 1990 4384 est,
2016 4313 2052 4375 et
2067 4298 2149 4376 ani.

1144 4401 1394 4472 madversione
1412 4402 1538 4493 digna:
1565 4401 1615 4472 sic
1631 4413 1666 4472 et
1681 4401 1883 4472 doctrinam
1907 4403 1951 4474 de
1976 4403 2147 4478 cavendis

1143 4503 1269 4588 malis,
1311 4503 1452 4576 etiamsi
1478 4527 1555 4572 non
1577 4503 1698 4574 omnia
1726 4503 1875 4590 avertit,
1916 4518 2039 4576 tamen
2061 4531 2145 4581 eum

1145 4607 1266 4702 aliqua
1287 4605 1462 4698 depellat,
1485 4629 1549 4676 seu
1570 4629 1723 4699 magua,
1748 4631 1811 4676 seu
1827 4630 1961 4700 parva,
1985 4609 2156 4703 studiose¹

1145 4708 1315 4801 amplecti
1330 4722 1365 4780 et
1381 4707 1504 4801 magui
1518 4709 1610 4778 lucri
1626 4710 1740 4780 instar
1753 4711 1883 4780 ducere
1901 4712 2082 4786 convenit.

1248 4811 1347 4882 llaec
1374 4837 1455 4884 cum
1478 4811 1647 4906 Aegyptii
1675 4812 1916 4904 intelligerent
1942 4813 1993 4884 ita
2020 4839 2058 4888 se
2080 4809 2145 4885 ha·

1145 4917 1250 5000 bere,
1272 4915 1336 5010 qui
1350 4910 1444 4986 hanc
1459 4927 1572 4984 artem
1595 4915 1750 4986 maxime
1771 4916 2018 5004 celebrarunt,
2040 4941 2147 5010 prae-

1146 5017 1363 5090 dictionibus
1386 5017 1639 5090 astronomicis
1660 5043 1802 5112 semper
1825 5018 2002 5090 medieam
2028 5033 2147 5095 artem

80 5125 133 5194 tia
157 5127 239 5196 fato
264 5121 390 5216 aliquo
415 5123 575 5194 naturali
596 5121 816 5194 contrariam
842 5117 979 5194 habeut
1007 5121 1095 5206 vim,
1146 5123 1399 5194 adiunxerunt.
1465 5120 1590 5217 Neque
1616 5121 1711 5191 enim
1738 5121 1959 5215 expiationes
1982 5134 2020 5196 et
2042 5147 2146 5196 avor-

80 5229 197 5302 sicet
227 5230 275 5299 de
306 5223 602 5298 inclinationibus
631 5251 651 5314 a
683 5225 784 5296 coelo
822 5225 910 5297 ortis
942 5227 1095 5310 dicatur,
1146 5225 1265 5300 siones
1280 5237 1316 5298 et
1337 5225 1497 5296 remedia
1518 5226 1690 5298 adversus
1711 5225 1833 5298 futura
1856 5237 1921 5303 ant
1942 5226 2146 5318 praesentia

78 5357 169 5403 cum
188 5345 254 5404 aut
268 5331 488 5424 ignorantur
503 5329 647 5416 futura,
680 5342 743 5400 aut
757 5353 833 5400 non
847 5328 1095 5423 impediuntur
1147 5329 1262 5414 mala,
1297 5329 1504 5400 communia
1528 5328 1585 5398 vel
1606 5329 1859 5421 particularia,
1898 5329 2149 5418 tradidissent,

79 5435 284 5508 contrariis
300 5435 432 5518 rebus,
461 5433 600 5528 primae
622 5445 775 5506 naturae
797 5433 926 5506 seriem
944 5453 1096 5530 sequen·
1146 5433 1178 5540 si
1192 5433 1231 5504 in
1245 5427 1314 5504 bac
1329 5431 1502 5527 opinione
1516 5431 1685 5518 fuissent,
1707 5433 1822 5504 averti
1836 5443 1900 5504 aut
1915 5431 1995 5509 tolli
2012 5458 2055 5505 ea
2068 5457 2151 5513 non.

12 5651 14 5676 ‚
133 5555 325 5625 Ιιωτπ.
348 5551 459 5618 om.
481 5550 568 5618 vm.
589 5551 718 5618 thlt.
1551 5539 1578 5612 Ξ
