4764 6100
319 167 415 242 1047
906 151 1028 226 Plllb.
1057 154 1168 230 Mitt.
1195 139 1403 228 scalpra
1423 148 1758 226 rfflbotoiitca.
2220 163 2283 240 loti

320 339 419 418 1260
447 342 521 411 Gra.
547 325 1010 416 Ministrae‘investigamur
1024 329 1070 398 ad
1086 351 1221 399 necem.
1410 321 1516 398 Bona
1539 339 1659 397 autem
1680 322 1751 396 hoc
1772 325 1918 394 fortuna
1942 324 2060 394 evenit
2084 325 2180 414 mihi,
2209 337 2289 425 psius

369 445 482 533 Capta
498 433 676 530 suffragiis
691 426 850 526 Pythiis,
877 432 1115 501 condemnata
1131 457 1222 503 sum.
1775 450 1884 521 quam
1902 428 1949 496 ad
1968 427 2139 500 civitatem

371 547 469 620 otor.
495 540 653 623 Scimus,
679 561 701 606 o
723 533 873 616 misera,
898 543 977 606 tuas
1001 535 1239 618 calamitates,
1272 545 1313 602 ut
1366 532 1465 606 1270
1491 526 1716 601 Athenarum
1732 531 1906 615 venirem,
1928 543 1965 600 et
1980 531 2045 600 snb
2059 555 2193 606 noverea
2208 559 2292 608 essem

732 637 780 708 sis
794 635 936 709 misera.
1294 679 1295 687 κ
1413 631 1510 704 luter
1525 633 1641 706 socios
1655 645 1820 725 expertus
1836 657 1916 704 sum
1933 647 2088 704 mentem

371 755 445 822 Gre.
474 746 556 840 Quo
572 742 707 836 fugiam
729 735 862 830 igitur?
896 739 956 809 vix
978 739 1078 810 enirn
1100 738 1228 810 abstuli
1252 762 1312 832 pe·
1345 739 1349 752 ⁴
1416 737 1551 820 Tuam,
1578 749 1753 830 quantum
1769 749 1810 807 tu
1826 737 1963 807 malum
1981 751 2016 808 et
2029 736 2162 806 inimica
2177 735 2292 812 mihisis

734 844 816 912 dem
837 853 956 926 extra,
1417 839 1723 932 Complexaenim
1737 840 1904 909 meintra
1921 851 2021 911 tuam
2036 842 2190 924 domum,

371 953 424 1024 Ne
439 973 620 1033 morerer,
646 947 703 1016 vix
723 943 830 1036 effugi
855 945 973 1038 elapsa
997 969 1038 1014 ex
1063 945 1227 1016 manibus
1249 939 1314 1012 ho·
1417 941 1504 1013 Mox
1520 942 1718 1014 demisisses
1732 943 1771 1011 in
1788 942 1954 1014 Plutonis
1971 945 2128 1015 domum.

738 1047 859 1120 stium.
1369 1041 1468 1118 1275
1493 1046 1564 1116 Sed
1578 1070 1695 1140 neque
1712 1069 1773 1115 ara
1790 1069 1908 1140 neque
1921 1045 2098 1138 Apollinis
2112 1046 2252 1136 templum

315 1151 426 1233 4255
455 1158 552 1228 Ultor.
579 1152 747 1247 Quonam
765 1150 857 1234 alio,
883 1148 953 1219 nisi
968 1153 1012 1219 ad
1030 1147 1156 1220 aram?
1414 1149 1577 1220 Servabit
1590 1161 1636 1220 te.
1667 1149 1748 1220 Tua
1766 1171 1852 1218 vero
1869 1149 2052 1219 miseratio
2069 1161 2134 1230 est;
2159 1151 2209 1219 sed
2221 1147 2295 1216 maior

377 1264 451 1332 cre.
479 1257 577 1350 Quid
591 1251 682 1326 mihi
700 1251 862 1345 proderit
877 1247 970 1321 hoc?
1774 1263 1825 1321 est
1843 1252 1936 1335 mei,

376 1365 472 1436 otor.
499 1361 583 1434 Non
599 1360 717 1432 estias
733 1355 892 1424 occidere
908 1353 1115 1446 supplicem.
1170 1356 1243 1424 Ore.
1270 1349 1318 1418 At
1418 1351 1465 1423 Et
1484 1376 1584 1422 meae
1598 1354 1742 1435 matrim
1769 1354 1909 1426 etiamsi
1924 1349 2016 1424 mihi
2029 1377 2152 1448 corpus

732 1459 809 1548 lege
825 1481 945 1548 pereo.
1418 1455 1505 1528 Eius
1524 1457 1642 1541 abest,
1669 1466 1790 1526 tamen
1805 1481 1939 1528 nomen
1955 1481 2139 1553 nunquam
2153 1457 2241 1526 abest

380 1569 476 1640 otor.
503 1563 672 1636 Manibus
689 1561 833 1657 quidem
856 1573 970 1651 capta.
1031 1562 1105 1636 Gre.
1132 1558 1250 1650 Atque
1266 1555 1319 1622 illi
1420 1558 1548 1628 Videte
1566 1553 1659 1628 hanc
1675 1561 1885 1652 veneficam:
1913 1573 2028 1629 artem
2043 1586 2086 1632 ex
2101 1571 2172 1631 arte

735 1661 831 1734 saevi
848 1661 1003 1732 ministri
1375 1663 1481 1737 1280*
1499 1661 1692 1754 Quomodo
1709 1661 1891 1758 nectit”);
1917 1685 1993 1732 non
2007 1659 2148 1734 horruit
2161 1681 2240 1730 aram
2249 1653 2293 1734 Ilei,

377 1773 455 1842 linc
476 1772 645 1842 festinant
666 1768 797 1842 strictis
820 1765 973 1838 ensibus.
1036 1764 1133 1834 Glor.
1161 1760 1251 1830 Sede
1274 1761 1318 1828 ad
1422 1765 1614 1858 Tanquam
1631 1789 1707 1834 non
1724 1767 1852 1835 datura
1870 1789 2025 1856 poenam
2040 1758 2249 1848 factorum’).

739 1891 852 1940 aram.
1424 1872 1498 1941 (ire.
1522 1865 1700 1938 Interdico
1716 1868 1801 1952 tibi,
1829 1891 1873 1936 ne
1889 1893 1947 1938 me
1964 1869 2168 1940 interficias:

379 1976 529 2048 Etiamsi
566 1973 661 2044 enim
695 1971 884 2054 moriaris,
931 1982 1051 2038 tamen
1084 1964 1320 2036 interlectori-
1422 1969 1504 2039 Mea
1522 1993 1627 2040 causa
1643 1965 1712 2042 hoc
1728 1971 1808 2040 dico
1825 1969 1947 2056 etDei,
1968 1972 2007 2040 in
2024 1973 2297 2043 cuiusarastamu·

739 2075 805 2144 bus
822 2073 892 2144 tuis
1421 2077 1495 2145 lon.
1523 2072 1621 2165 Quid
1636 2073 1702 2143 tibi
1718 2088 1752 2144 et
1767 2069 1916 2144 Phoebo
1933 2099 2125 2146 commune
2139 2069 2206 2144 est?

334 2183 431 2259 1260
457 2179 712 2252 Excitabistua
729 2177 835 2247 caede
856 2175 973 2252 diras}
1006 2171 1152 2240 ferenda
1176 2183 1227 2239 esi
1249 2169 1320 2238 lor·
1376 2173 1475 2248 1285
1502 2179 1577 2248 Gra.
1604 2175 1661 2245 Do
1673 2175 1752 2247 Deo
1769 2173 2143 2270 corpushocpurum,

738 2278 893 2371 tunam).
1423 2283 1497 2349 loss.
1521 2277 1717 2374 Postquam
1734 2303 1820 2349 vero
1835 2279 2045 2351 interfecisti
2059 2277 2218 2350 famulum
2230 2267 2288 2340 Deli

380 2393 453 2458 loa.
480 2381 672 2454 Otaurina
687 2380 848 2475 praedite
862 2373 951 2448 lacis
965 2370 1115 2468 Cephise
1129 2385 1251 2466 pater,
1423 2385 1496 2454 cre.
1529 2379 1666 2453 Verum
1688 2407 1764 2454 non
1788 2383 1941 2475 amplius
1968 2406 2049 2456 eras
2070 2377 2243 2476 Apollinis,
2270 2369 2304 2440 sed

380 2489 533 2582 Qualem
551 2486 711 2578 viperam
725 2479 818 2554 hanc
834 2477 1012 2574 genuisti?
1040 2491 1101 2546 aut
1117 2475 1207 2568 ignis
1490 2548 1492 2554 ,
1787 2487 1900 2578 patris
1918 2487 1983 2559 tui,

379 2593 581 2662 Draconem
599 2587 819 2670 emittentem
837 2583 980 2654 letalem
1001 2578 1209 2650 flammam?
1423 2591 1497 2657 lon.
1525 2585 1594 2657 Sed
1608 2587 1760 2674 luimus,
1787 2588 1927 2660 etiamsi
1943 2613 2022 2660 mea
2042 2585 2224 2662 substantia
2237 2589 2306 2647 estu

381 2695 448 2767 Cui
463 2692 580 2764 omnis
594 2691 742 2762 audacia
758 2689 869 2772 inest,
894 2709 1011 2780 neque
1030 2683 1151 2756 minor
1166 2693 1216 2752 cst
1780 2705 1895 2784 patre,

332 2795 432 2874 1265
457 2795 658 2886 Gorgoneis
680 2796 807 2886 guttis,
845 2791 973 2884 mribus
995 2811 1054 2856 me
1077 2785 1192 2856 voluit
1214 2782 1322 2852 inter·
1425 2795 1500 2864 cre.
1527 2790 1631 2863 Tunc
1645 2816 1742 2876 eras;
1765 2819 1864 2866 nunc
1879 2819 1965 2866 vero
1989 2819 2057 2889 ego
2080 2809 2115 2868 et
2133 2807 2170 2865 tu
2188 2809 2249 2860 non
2264 2801 2309 2848 an

739 2895 856 2966 ficere.
1787 2899 1892 2990 plius.

381 2997 620 3083 Prehendite,
644 3010 685 3069 ut
698 3000 773 3068 eins
790 2991 959 3088 pulchros
974 2991 1158 3064 cincinnos
1379 2993 1475 3068 1290
1499 3000 1573 3067 loa.
1601 2995 1684 3069 Non
1699 3021 1734 3069 es
1756 3001 1814 3092 pie
1835 3025 1954 3083 sacra;
1988 3027 2055 3096 ego
2081 3013 2193 3074 antem
2213 2989 2254 3063 lui
2269 2983 2309 3054 n'lt

383 3106 516 3175 Comae
530 3105 662 3174 radant
674 3124 759 3174 saxa
774 3097 963 3181 Parnassi,
1784 3129 1894 3176 sacer.
2340 3095 2341 3134 ³

383 3209 487 3279 Unde
502 3207 595 3279 saltu
612 3206 656 3276 de
671 3227 757 3276 saxo
777 3202 974 3274 delicietur.
1300 3269 1306 3282 ,
1429 3205 1502 3274 cre.
1529 3199 1694 3274 lnterleci
1709 3201 1848 3276 hostem
1866 3232 1967 3278 meae
1982 3208 2152 3278 familiae.
2340 3165 2341 3244 i

1175 3317 1181 3322 '
1426 3310 1501 3376 loa.
1527 3304 1624 3377 Num
1639 3322 1798 3380 armatus
1814 3311 1896 3380 veni
1911 3311 1949 3380 in
1965 3323 2064 3382 tuam
2082 3300 2239 3382 domum?

1429 3413 1504 3480 Ore.
1538 3409 1714 3492 Maxime;
1757 3413 1946 3484 incendisti
1979 3415 2076 3485 enim
2112 3414 2180 3481 iam
2211 3407 2309 3474 donno
2340 3499 2341 3514 χ

438 3513 819 3636 ¹dieisirutsendsiismt’eniudi'lcosos
838 3589 968 3627 secessus
1785 3511 1988 3589 Erechthei.

437 3655 500 3716 ltro,
528 3650 626 3702 mortis
643 3647 816 3709 tepidaoiten
858 3691 869 3710 „
1387 3666 1587 3682 -.-......

438 3721 544 3772 Noram
561 3715 712 3779 erusteus,
737 3715 933 3778 quadrigarum

438 3786 654 3840 velocissimam
671 3783 776 3834 chelam
792 3781 997 3845 oomeendens,
1020 3781 1069 3828 snt
1410 3776 1459 3845 22)
1477 3781 1576 3840 nectit]
1594 3779 1636 3828 ste
1653 3780 1702 3830 tid.
1719 3781 1811 3844 roam
1836 3783 1920 3832 Editt.
1943 3785 2064 3834 rme„
2088 3777 2214 3832 „merie

438 3853 759 3992 ianibpiibitnddidiidi,
782 3917 890 3982 tuendo
906 3916 1005 3966 notens
1411 3879 1540 4004 within?
1559 3881 1759 4000 ilduidbif
1777 3882 1921 3936 mm
1940 3889 1996 3945 m
2012 3877 2225 3936 ,Μ’-ΜΗ]
2244 3869 2273 3920 ,κ
2284 3857 2311 3912 ¹²
2340 3913 2341 3938 i

1516 3987 1540 4016 .,
1578 3983 1613 4004 ..
1695 3987 1718 4002 ··

440 3997 543 4063 „Deus
560 3991 694 4042 subducit.

440 4063 618 4130 „ostlduam
644 4074 660 4112 o
679 4058 783 4109 misera
800 4054 926 4114 domina,

440 4134 567 4198 „Animo
583 4139 704 4194 passura
721 4119 775 4177 esi
798 4137 862 4174 num
881 4124 1005 4172 volentes

342 3385 545 3400 Μ

1482 4024 1542 4074 lon.
1566 4019 1589 4070 0
1608 4019 1745 4070 murinam
1763 4019 1879 4074 torneia
1898 4023 2000 4074 tabens
2017 4023 2112 4072 vultus
2130 4009 2230 4082 capital
2244 3996 2311 4070 iffi·
2340 4079 2341 4088 χ

1482 4090 1596 4152 Qualem
1614 4088 1754 4138 echidnsn
1771 4089 1854 4140 istam
1871 4085 2047 4154 produxistit
2070 4093 2120 4142 aut
2136 4087 2203 4152 ignis

440 4203 575 4268 „nm
1481 4151 2152 4218 ²
2340 4131 2341 4194 i

442 4271 591 4337 ul’lllffl‘
600 4302 608 4332 s
634 4272 763 4330 ‘mlum
780 4274 896 4325 *ΨΜ
915 4264 969 4310 ⁰⁸²·
1481 4294 1622 4358 Gorgonis
1642 4294 1744 4358 guttis,
1768 4243 1970 4359 qutbns’votnit
1988 4309 2031 4346 nse
2048 4296 2206 4348 interfluere·
2340 4285 2341 4336 l

373 4374 421 4442 21)
441 4375 505 4428 crs.
526 4372 670 4422 titutstrae
687 4394 721 4406 -
739 4367 860 4418 tonnus.
887 4367 942 4422 (vs.
960 4361 1070 4413 1250-
1083 4363 1189 4422 aaron]
1213 4365 1254 4414 sic
1278 4366 1327 4418 tid.
1481 4363 1700 4427 apprehendite,
1723 4366 1753 4412 ut
1770 4365 1830 4414 etus
1848 4366 1972 4428 integros
1992 4367 2135 4418 cincinnos
2340 4375 2341 4418 i

412 4443 505 4507 ,5524
528 4441 685 4492 3415oest
814 4501 823 4550 ¹
920 4501 936 4550 d
954 4499 963 4548 1
983 4501 1020 4549 ω
1482 4431 1736 4484 consederamus
1755 4433 1887 4484 Parnassi
1904 4436 2022 4501 rudera,
2340 4449 2341 4470 ¹

443 4509 673 4641 §intuita
683 4511 981 4637 trifissilis:
994 4511 1064 4617 ..it
1079 4503 1216 4620 illif‘ffl’
1481 4500 2105 4636 titir‘tiiiitiittttttltin...
2122 4571 2156 4622 a
2170 4561 2281 4619 ame·

446 4647 533 4702 oter.
550 4646 674 4706 trimus,
689 4655 706 4693 o
719 4643 837 4698 misera,
853 4641 918 4689 tuas
932 4637 1121 4698 eslanttates,
1140 4638 1185 4688 ubl
1197 4639 1263 4688 tetis
1276 4640 1327 4694 sis.
1482 4638 1613 4688 venirem
1629 4639 1812 4702 Athenarum,
1836 4643 1864 4690 et
1881 4643 1933 4692 suis
1949 4653 2098 4696 novercans
2115 4639 2232 4690 veniret

445 4717 510 4771 cre.
530 4715 589 4776 Quo
605 4713 708 4775 trigiam
725 4702 830 4775 igiturl
854 4721 887 4758 ex
901 4706 967 4757 tetis
979 4707 1051 4756 enias
1061 4707 1151 4768 eripui
1164 4707 1209 4756 vix
1224 4710 1328 4768 pedem,
1482 4709 1557 4758 inter
1575 4707 1669 4757 socios
1687 4707 1758 4758 enirn
1777 4707 1901 4774 sortem
1917 4723 2028 4774 possum
2045 4711 2163 4762 suinai·

444 4787 486 4839 tte
503 4782 621 4838 moriare
643 4779 738 4830 turtius
754 4788 823 4828 vere
841 4776 957 4840 advent,
984 4773 1118 4840 effugiens
1136 4776 1240 4829 hostes.
1483 4777 1584 4840 dnum,
1606 4780 1736 4838 quantun
1753 4777 1816 4826 nitri
1834 4779 1924 4828 dsunt
1942 4782 1971 4830 et
1987 4779 2078 4830 hostis
2096 4789 2179 4830 esses.

445 4855 532 4908 dior.
552 4851 674 4913 Quonam
692 4849 763 4912 atio,
786 4845 840 4896 nist
857 4846 892 4895 ad
909 4837 1009 4895 aranl
1484 4845 1561 4895 lutra
1578 4844 1672 4894 domos
1690 4847 1763 4894 enim
1780 4848 1921 4910 complexa
1938 4861 1997 4910 sne,

447 4925 509 4976 ore.
530 4921 566 4970 itt
585 4915 650 4981 qnid
667 4914 731 4964 mitit
748 4915 895 4976 prodesset
911 4905 983 4964 boui
1483 4915 1548 4964 lios
1566 4915 1641 4962 certe
1657 4913 1813 4966 dimisisses
1829 4917 1858 4964 in
1876 4915 2001 4966 Plutonis
2018 4917 2131 4966 doraum.

446 4993 532 5046 Olor.
551 4983 705 5050 suppileen
722 4983 767 5030 tas
785 4993 839 5030 uon
858 4985 904 5032 est
920 4980 1053 5032 cocidere.
1097 4980 1161 5032 Cre.
1180 4982 1255 5046 tege
1273 4983 1330 5034 lats
1483 4981 1588 5030 vernn
1606 4993 1694 5044 neque
1711 4993 1778 5050 ars,
1802 4997 1891 5046 neque
1907 4986 2044 5048 Apollinis
2063 4985 2183 5045 temptas·

758 5060 847 5108 pereo.
1483 5048 1613 5100 servabit
1632 5051 1677 5109 tes
1699 5051 1843 5102 miseratio
1861 5053 1916 5118 tui,
1941 5055 2010 5104 isses
2026 5053 2088 5104 niti
2106 5051 2188 5116 potior
2202 5041 2297 5092 aetum·

447 5129 531 5182 (tior.
547 5119 685 5176 neditlcla
700 5117 808 5182 quidam
827 5116 1005 5176 deprehensa.
1040 5115 1104 5172 cre.
1123 5117 1205 5180 assui
1223 5117 1249 5166 tsi
1266 5131 1330 5168 esr-
1483 5119 1520 5168 Et
1536 5127 1614 5166 meae
1629 5119 1729 5178 matris
1753 5121 1854 5172 etenim
1870 5121 1895 5170 si
1912 5135 2012 5184 eorpus
2030 5121 2094 5172 nusi

758 5189 866 5236 tstoses
883 5184 975 5234 seerti
1483 5187 1569 5236 Abest
1585 5185 1661 5250 eins,
1684 5199 1782 5240 nonen
1800 5185 1868 5239 ver'o
1886 5203 1941 5241 noa
1958 5193 2037 5240 atat
2054 5199 2171 5252 unquam

446 5267 507 5318 liae
523 5263 656 5315 testtnsut
672 5254 796 5308 easltert
832 5251 917 5306 osor.
934 5252 1005 5302 Sede
1022 5264 1094 5304 sono
1110 5255 1145 5306 ad
1162 5254 1261 5306 locun.
1483 5253 1583 5303 Videte
1600 5256 1762 5318 scelestssss,
1785 5270 1819 5308 ex
1837 5259 1933 5308 fraude
1950 5259 2072 5310 handen

446 5335 484 5386 rt
500 5333 524 5382 sl
541 5329 670 5383 mortam
687 5325 730 5377 hle
748 5323 891 5384 existens,
914 5320 1138 5372 totertsetoritsns
1155 5324 1212 5374 tois
1483 5322 1598 5382 onstess
1614 5323 1701 5388 texit,
1723 5337 1778 5376 non
1795 5338 1873 5377 mam
1890 5327 2014 5378 extimuit
2030 5325 2098 5388 Del,
2340 5299 2341 5370 i

448 5400 664 5454 carminatur
681 5393 768 5446 {soles
784 5392 913 5454 eaedem
931 5387 1072 5455 „terenda
1089 5401 1156 5440 vero
1174 5391 1294 5442 tortura.
1483 5391 1621 5454 rusus·
1639 5403 1693 5442 non
1711 5394 1876 5456 supplicium
1894 5395 1993 5447 datum
2009 5393 2204 5446 commissam·
