4844 6122
278 235 345 335 '75
882 253 1768 332 eain..ual..sca1uraonuoaoc1ct.
1922 292 1987 336 ιι
2103 289 2107 300 ·
2310 275 2361 346 rs

295 429 569 527 aequinoctialis
586 425 710 498 circuli
725 425 894 518 gradibus
910 429 955 498 sit
975 429 1074 502 loeus
1092 431 1216 500 stellae
1241 433 1299 500 vel
1349 431 1535 517 tudinem,
1570 443 1606 500 et
1630 431 1893 526 inaequalibus·
1910 439 2134 528 temporibus
2160 439 2358 538 utrobique

295 539 431 627 figurae
464 532 646 626 sequentis
680 531 718 600 in
752 532 891 622 genesi,
940 535 988 603 ad
1011 537 1297 624 praecedentem.
1347 547 1547 606 transeunt.
1594 533 1808 630 Eodemque
1822 539 1985 612 suumin
2001 551 2256 638 quemcunque
2271 571 2358 638 par-

295 639 390 712 Nam
414 637 537 708 circuli
565 633 887 729 aequinoctionalis
913 648 1075 727 tempora
1098 639 1298 731 aequaliter
1347 649 1453 706 lema
1474 636 1678 708 cardinibus
1695 645 1913 729 prorogator
1926 643 2063 735 distet,
2088 659 2252 740 tempore
2275 675 2357 723 non

295 739 523 828 horizontem
542 752 577 808 et
593 737 831 807 meridianum
849 753 1083 828 percurrunt,
1111 752 1147 808 et
1171 742 1215 810 ab
1241 736 1297 812 his
1347 741 1488 833 aequali
1505 737 1592 810 baec
1613 737 1911 830 praetervehitur.
1975 745 2094 816 Unam
2120 764 2241 822 tarsen
2261 778 2356 824 con-

299 843 498 938 aequaliter
511 841 604 914 sumi
618 853 769 933 possunt
784 841 1041 930 clarigationes.
1071 842 1296 914 Convenien-
1347 843 1533 913 stitnemus
1558 843 1673 929 viam,
1708 871 1777 938 quo
1802 845 1878 916 sive
1908 860 2028 917 ortum
2064 855 2219 924 tenuerit
2250 857 2356 931 locus

298 962 352 1018 ter
365 960 485 1017 autem
501 971 568 1037 pro
584 944 745 1038 quolibet
760 946 873 1033 gradu
887 969 1006 1017 solues
1017 971 1130 1018 linum
1146 971 1295 1018 annum.
1317 1031 1318 1038 ἵ
1347 949 1587 1036 praecedens,
1623 949 1697 1020 sive
1728 959 1913 1034 occasum,
1949 951 2024 1021 sive
2040 955 2147 1024 coeli
2175 961 2355 1046 medium,

403 1050 558 1142 Quando
575 1047 682 1137 igitur
698 1049 736 1116 in
753 1048 831 1138 ipso
851 1048 1000 1120 orientis
1022 1050 1165 1120 cardine
1188 1051 1296 1120 fuerit
1346 1049 1420 1120 sive
1437 1050 1545 1124 alium
1562 1072 1811 1146 quemcunque
1823 1047 1878 1120 his
1893 1054 2097 1128 cardinibus
2110 1055 2354 1148 interiectum,

297 1165 514 1247 prorogator
530 1152 675 1234 stlocus
690 1153 925 1242 praecedens,
949 1154 1117 1222 convenit
1132 1155 1294 1245 accipere
1346 1175 1516 1224 utrinerus
1542 1166 1747 1243 temporum
1779 1154 2071 1246 aequinoctialis,
2112 1163 2176 1252 qui
2203 1187 2353 1252 Praece-

297 1271 463 1347 tempora
488 1254 760 1349 aequinoctialis
780 1255 978 1326 coorientia
1003 1281 1082 1330 curn
1109 1269 1184 1326 toto
1209 1282 1294 1328 arcu
1346 1257 1489 1326 dentem
1518 1257 1652 1327 locum·
1670 1259 1715 1326 ad
1740 1269 1958 1350 sequentem·
1982 1259 2153 1342 deducat,
2192 1289 2353 1356 propor-

296 1359 458 1442 Zodiaci,
485 1360 546 1452 qui
560 1357 789 1450 prorogaturi
806 1371 842 1427 et
857 1359 1078 1430 interfectori
1094 1360 1293 1430 interceditr
1346 1359 1445 1429 tione
1463 1358 1588 1430 confici
1604 1353 1745 1450 possit..¹
1779 1365 1969 1451 aswmpu
1991 1363 2086 1430 onim
2098 1363 2247 1434 Zodiaci
2264 1382 2352 1458 pari

297 1463 372 1538 Tot
397 1463 493 1532 enim
517 1462 579 1532 ubi
599 1462 851 1554 praeterierint
867 1474 1031 1553 tempora
1048 1463 1294 1557 aequinoctia·
1346 1474 1401 1544 le,
1428 1462 1575 1555 quaein
1590 1462 1709 1532 medio
1728 1463 1824 1531 coeli·
1836 1471 1906 1545 est,
1920 1464 2089 1558 locoque
2110 1473 2350 1557 praecedente

296 1567 359 1650 lis,
392 1565 599 1636 interfector
625 1566 671 1632 ad
695 1566 813 1634 locum
839 1568 1104 1656 prorogatoria,
1139 1563 1207 1636 hoc
1230 1569 1293 1650 csl,

297 1671 344 1740 ad
358 1669 541 1738 cardinem
558 1667 705 1739 orientis
721 1669 897 1760 pervenit.
950 1670 1106 1761 Qitando
1128 1670 1165 1738 iu
1188 1669 1294 1738 meri-

296 1773 444 1842 dianum
476 1785 692 1863 prorogator
720 1771 909 1854 inciderit,
957 1797 998 1842 ex
1028 1771 1294 1844 ascensionibus

296 1871 471 1968 sphaerae
501 1887 617 1946 rectate
649 1877 805 1944 eruenda
827 1887 911 1946 sunt
936 1887 1096 1967 tempora
1120 1875 1292 1970 aequino-

296 1978 431 2061 ctialis,
472 2003 666 2070 quaecum
694 1977 827 2049 confini
847 1978 993 2050 Zodiaci
1018 2003 1103 2050 arcu
1125 1977 1293 2048 meridia-

295 2105 385 2152 num
409 2075 745 2172 praetervehuntur.
812 2079 851 2150 Si
881 2105 967 2153 vcro
993 2083 1175 2152 cardinem
1193 2080 1293 2152 occi-

296 2186 407 2270 duum
425 2185 601 2266 tenuerit,
629 2209 669 2252 ea
686 2185 858 2255 sumenda
874 2197 1042 2274 tempora·
1060 2197 1163 2268 sunt,
1200 2207 1292 2278 quae

296 2312 377 2358 cuin
404 2311 492 2356 arcu
515 2286 704 2360 distantiae
728 2288 975 2377 prorogatoris
996 2301 1033 2356 et
1056 2287 1293 2358 baterlectoris

296 2403 528 2481 merguntur,
569 2387 637 2460 boc
662 2402 733 2473 est,
775 2413 866 2482 quae
897 2413 977 2460 cnm
1010 2391 1176 2482 opposito
1212 2415 1292 2459 eve-

296 2489 444 2564 huntur.

397 2595 446 2666 At
462 2594 492 2666 si
507 2595 605 2665 locus
627 2596 843 2686 praecedens
862 2594 901 2664 in
923 2589 979 2665 his
1002 2595 1115 2669 tribus
1138 2595 1292 2664 cardini-

292 2699 360 2770 bus
383 2723 459 2768 non
479 2697 655 2781 extiterit,
688 2699 748 2768 sed
773 2697 812 2766 in
834 2698 947 2792 spatia
966 2698 1093 2793 media
1116 2697 1293 2794 inciderit,

293 2825 370 2872 non
386 2814 551 2892 tempora
570 2799 843 2870 ascendentibus
859 2802 1038 2894 arcubus,
1065 2803 1293 2889 aut,descen·

293 2903 480 2986 dentibus,
514 2915 577 2974 aut
602 2903 691 2979 coeli
715 2903 857 2974 culmen
879 2905 1190 2998 praetereuntibus
1209 2929 1293 2976 con-

293 3007 478 3102 gruentia,
500 3021 707 3102 sequentem
723 3007 843 3079 locum
868 3009 914 3078 ad
937 3009 1208 3099 praecedentem
1233 3009 1293 3082 de·

294 3111 446 3193 ducent,
472 3111 532 3180 scd
551 3109 704 3187 diversa.
763 3111 898 3181 Similis
914 3111 1008 3184 enim
1030 3112 1175 3193 elidem
1192 3112 1293 3182 locus

294 3227 364 3298 est,
392 3213 454 3309 qui
468 3211 620 3284 similem
645 3228 680 3283 et
703 3213 740 3284 in
766 3213 892 3284 iisdem
913 3216 1076 3307 partibus
1096 3215 1203 3288 situm
1228 3211 1293 3289 ha-

292 3319 372 3400 bet,
406 3329 441 3386 et
464 3317 510 3386 ad
532 3311 759 3388 horizontem
784 3331 819 3409 et
841 3321 888 3386 ad
906 3319 1161 3413 meridianum.
1214 3317 1293 3388 Hoc

291 3445 379 3492 vero
394 3418 557 3511 proxime
578 3419 707 3490 accidit
721 3415 795 3504 his,
823 3421 886 3514 qui
902 3423 1035 3492 cadunt
1051 3421 1089 3490 in
1103 3446 1214 3511 unum
1230 3417 1292 3490 he·

293 3522 518 3616 micyclium‚
544 3547 728 3619 exgenere
747 3548 892 3606 eorum,
928 3549 1019 3618 qnae
1034 3549 1108 3619 per
1133 3549 1293 3595 conanu-

294 3653 358 3698 ues
378 3621 577 3697 horizontis
603 3640 637 3720 et
663 3627 856 3696 meridiani
888 3627 1063 3702 sectiones
1093 3628 1292 3715 ducuntur:

293 3752 386 3827 quac
401 3725 608 3824 hemicyclia
629 3729 770 3826 aequali
793 3727 887 3799 inter
899 3728 939 3800 'se
957 3728 1149 3816 distantia,
1180 3725 1292 3822 horae

291 3833 464 3904 nimitum
483 3833 640 3927 aequalis
658 3833 774 3926 spatio
791 3833 974 3905 dissident.
1025 3828 1206 3926 Perpetuo
1231 3857 1295 3927 au-¹

292 3951 366 4007 tem
391 3939 437 4007 ad
459 3935 604 4009 illorum
633 3933 929 4030 hemicycliorum
956 3937 1219 4032 quodcunque,
1258 3949 1293 4006 et

290 4035 517 4112 horizontem
551 4041 597 4109 ad
624 4037 878 4111 meridianum.
945 4039 1132 4134 Aequalor
1165 4041 1291 4110 eodem

292 4147 404 4212 modo
421 4134 633 4227 inclinatur,
659 4145 808 4236 perinde
830 4168 871 4212 ac
893 4142 923 4213 si
945 4144 1037 4212 circa
1062 4143 1142 4214 illas
1166 4137 1291 4215 sectio-

292 4269 356 4316 nes
380 4259 648 4316 converteretur
663 4247 724 4343 ω).
790 4247 936 4316 Zodiaci
961 4259 1081 4338 partes
1105 4259 1228 4314 contra
1258 4259 1293 4315 et

291 4361 435 4420 mutant
455 4373 559 4421 suam
581 4352 627 4444 ad
651 4351 891 4454 quodcunque
915 4346 1165 4460 henliqyglium
1190 4344 1291 4418 habi·

319 4565 378 4624 ω)
397 4561 535 4625 Perpetuo
557 4561 647 4613 tumn
671 4558 707 4620 ed
732 4557 841 4608 illorum
860 4581 896 4594 -·
912 4559 1150 4617 converteretur-,1
1175 4556 1217 4606 sio
1241 4556 1291 4607 llll.

365 4631 441 4683 155³.
468 4631 519 4680 liic
536 4629 613 4679 locus
637 4629 785 4691 corruptos
810 4639 874 4695 esse
898 4627 963 4676 milli
985 4627 1103 4676 videtur.
1139 4626 1292 4678 Ptolemaei

362 4704 448 4752 verbe
464 4699 531 4750 baec
548 4699 629 4776 suut:
645 4689 746 4814 =utrinq
762 4689 800 4777 dy
816 4690 980 4778 περιιζγηιιιι
997 4686 1061 4760 περ)
1079 4687 1129 4751 uic
1142 4691 1292 4776 fquptroe

361 4764 466 4835 septis,
493 4765 601 4832 werel
617 4777 672 4833 μεν
692 4761 730 4816 dn
751 4779 810 4826 ,την
827 4761 914 4827 ndrqr
931 4760 1098 4829 aramei
1114 4777 1155 4832 ιφ
1172 4764 1292 4830 opiloni

361 4835 467 4958 aaa
487 4831 1290 4967 calta‘titaliaitalllverisimili

360 4939 806 5036 comodoe'irciroamiotererit,
837 4973 892 5029 erit
917 4972 978 5030 elus
999 4971 1103 5033 ‚positis
1128 4972 1289 5033 quantoque

363 5046 435 5096 sicot
461 5042 562 5111 positio
588 5029 781 5104 hemispherii,
813 5042 974 5106 quaudoque
995 5053 1063 5093 sero
1087 5041 1160 5090 sicut
1185 5040 1287 5103 positio

363 5106 559 5163 circollmetlii
578 5101 660 5162 stield’
689 5089 894 5173 'Gogavalionc
906 5111 995 5161 locum
1008 5111 1050 5161 sic
1063 5103 1163 5180 dertlt:
1183 5121 1288 5174 „curm

312 5214 316 5227 ,
363 5195 418 5246 qus
434 5179 738 5242 emendatissima
756 5177 847 5240 tlctss
864 5179 1019 5243 semones,
1044 5179 1073 5230 in
1090 5179 1206 5238 moden
1227 5177 1288 5240 qul·

361 5321 404 5369 ile
423 5317 661 5380 interpretationis
681 5319 743 5370 alet.
762 5319 838 5368 locos
862 5317 902 5366 slc
926 5321 970 5368 ost
995 5317 1157 5366 mutandus:
1179 5313 1287 5376 Perpe-

362 5395 409 5438 too
441 5391 540 5460 optem
557 5386 668 5455 illorum
684 5387 1127 5458 ,aemicq‘clinruqssguoclconqus
1148 5385 1186 5434 all
1210 5385 1286 5432 ltori-

304 5454 308 5466 '
334 5457 338 5465 '
360 5459 474 5525 amnem
489 5442 525 5506 'et
547 5448 587 5505 ad
609 5448 788 5506 merldllmum
812 5457 965 5525 aequaliter
988 5453 1084 5504 eudem
1102 5451 1184 5504 modo
1202 5451 1287 5500 incli-

325 5536 340 5565 ἰ
359 5529 461 5591 onntr',
483 5515 601 5588 permut
617 5526 691 5576 lttt'sl
710 5525 785 5576 circli
802 5509 1024 5574 illaasectloned
1035 5519 1261 5573 messender.

1336 4000 1338 4008 l

1346 1577 1380 1632 et
1397 1577 1585 1658 sequente:
1611 1563 1771 1658 primurn
1787 1565 2112 1650 comiteiahiuns,
2140 1584 2229 1662 quot
2246 1568 2351 1643 horis

1345 1667 1595 1760 inaequalibus
1609 1668 1703 1738 absit
1720 1693 1750 1738 a>
1761 1669 1968 1740 nieridim
1978 1670 2349 1762 'lodusrpraecedens

1346 1769 1419 1840 Has
1443 1769 1669 1866 colligemus,
1699 1769 1729 1842 si
1750 1773 1931 1861 partium,
1960 1775 2171 1865 :qua'ezlttco
2199 1799 2350 1866 praece-

1346 1874 1446 1942 denti
1462 1887 1497 1942 et
1511 1871 1740 1948 rnediocoeli
1750 1877 1941 1965 oupr'anal
1956 1875 2206 1946 intraturam
2232 1879 2349 1950 inter-

1345 1977 1496 2059 cedunt,
1524 1977 2129 2070 ctsmnsionesrectaseootmup,ot
2143 1975 2207 2051 has
2219 1983 2350 2054 distri-

1344 2079 1494 2152 buemas
1512 2079 1552 2149 in
1577 2093 1738 2169 tempora
1758 2079 2202 2176 aequinoctiidisfquae
2227 2109 2347 2158 onam

1345 2178 1474 2251 horam
1491 2182 1715 2275 inaequalem
1734 2183 1942 2264 metiuntur,
1957 2195 1993 2252 et
2006 2185 2229 2257 constituunt
2242 2190 2346 2260 diur-

1345 2309 1451 2368 nam,
1490 2285 1520 2356 si
1548 2308 1655 2376 supra
1687 2297 1820 2354 terram
1849 2287 1958 2382 fuerit
1978 2287 2078 2388 locqs
2105 2295 2342 2380 praecedens;

1345 2401 1579 2470 nocturnam,
1621 2386 1650 2457 si
1680 2385 1772 2456 inira
1802 2383 2153 2482 'horarid''‘lempora
2183 2419 2226 2463 ex
2258 2419 2342 2466 arcu

1344 2491 1415 2560 loci
1434 2489 1679 2581 praecedentis
1695 2515 1961 2582 cognoscemus.
2014 2491 2153 2565 Deinde
2169 2500 2344 2590 quoniam

1345 2593 1512 2684 Signiferi
1531 2617 1652 2676 arcus,
1679 2595 1743 2687 qui
1755 2595 1882 2666 iisdem
1895 2597 2147 2689 inaequalibus
2166 2595 2265 2672 horis
2292 2603 2348 2672 di-

1344 2709 1477 2768 stante
1492 2697 1714 2782 meridiano,
1748 2701 1814 2768 snb
1834 2723 1909 2770 rino
1924 2703 2132 2796 eodemque
2155 2704 2347 2778 eontinen-

1345 2814 1405 2896 tur
1434 2800 1703 2892 praedictorum
1734 2801 1986 2886 circnlorurrr,¹
2007 2797 2347 2897 territari-oportet,

1346 2917 1438 2998 quot
1450 2903 1682 2999 requirantur
1698 2916 1861 2996 tempora
1868 2906 2162 3001 aequinoctialis,
2185 2911 2228 2978 de
2244 2933 2347 2998 arcu,

1344 3007 1409 3101 qui
1424 3008 1582 3078 succedit
1595 3006 1819 3094 meridiano,
1852 3024 1893 3081 ut
1911 3023 1966 3080 tot
1978 3011 2215 3082 conficiantur
2229 3008 2345 3085 horae

1346 3111 1572 3204 inaeq'nales,
1605 3123 1695 3206 quot
1708 3105 1808 3183 horis
1824 3115 2041 3204 praecedens
2059 3115 2159 3185 locus
2174 3107 2346 3187 meridia-

1345 3239 1432 3284 num
1449 3215 1643 3294 antecedit3
1671 3225 1883 3309 tantumque
1902 3217 1948 3287 sit
1962 3216 2189 3288 intervallum
2206 3220 2275 3289 loci
2290 3245 2352 3312 se·¹

1346 3317 1523 3410 quentiae
1541 3315 1763 3400 meridiano,
1790 3329 1965 3412 quantum
1981 3323 2241 3412 praecedentis.
2278 3323 2345 3396 His

1346 3415 1632 3512 comprehensis,
1658 3418 1951 3512 investigabimus
1966 3445 2090 3496 rursus
2105 3444 2155 3494 ert·
2168 3427 2346 3496 ascensio-

1345 3524 1451 3594 nibus
1479 3521 1654 3616 sphaerae
1683 3535 1818 3608 rectae,
1857 3540 1949 3620 quot
1970 3520 2193 3620 temporibus
2210 3525 2346 3624 Aequi-

1345 3627 1510 3698 noctialis
1538 3651 1622 3721 pars
1653 3637 1805 3718 'sequens
1834 3633 2029 3700 secundum
2062 3645 2247 3702 verom'et
2268 3634 2347 3724 pri-

1346 3731 1590 3826 mumadam,
1612 3729 1802 3798 abeodem
1819 3731 2019 3803 meridiano
2042 3733 2166 3817 distet,
2199 3748 2234 3804 et
2254 3751 2349 3828 quot

1345 3829 1433 3904 haec
1448 3828 1560 3904 horas
1579 3832 1786 3924 inaequales
1801 3835 1982 3925 prioribus
1998 3833 2098 3908 horis
2113 3839 2225 3928 partis
2239 3861 2349 3928 prae-

1346 3937 1502 4008 cedentis
1532 3937 1698 4030 aequales
1726 3936 1958 4010 constituant.
2026 3939 2190 4011 Tandem
2221 3941 2347 4011 mmet

1345 4039 1556 4133 plicabimus
1586 4035 1650 4109 has
1682 4037 1778 4129 ipsas
1810 4035 1919 4112 horas
1947 4065 2093 4137 qnoque
2126 4045 2164 4113 in
2196 4040 2347 4116 horaria

1345 4157 1507 4235 tempora
1531 4141 1643 4234 partis
1659 4144 1863 4235 sequentis,
1891 4141 2099 4240 (asstimptis
2122 4143 2230 4217 horis·
2245 4147 2355 4218 diurn

1345 4249 1419 4330 nis,
1446 4249 1591 4341 quando
1608 4247 1648 4314 lit
1663 4245 1807 4316 collatio
1823 4251 1870 4318 ad
1887 4247 2047 4320 medinm
2063 4249 2170 4328 coeli;
2197 4263 2354 4321 noctur--

1345 4352 1419 4433 nis,
1462 4351 1608 4444 quando
1633 4351 1678 4417 ad
1704 4349 1815 4420 imum
1844 4355 1951 4450 coeli)
1977 4352 2178 4421 differentia
2203 4366 2349 4446 tempo—

1344 4463 1424 4526 tn'm
1447 4451 1848 4546 utriusquodistantiae
1872 4457 2034 4527 ostendet
2057 4455 2255 4549 quaesitam
2278 4481 2350 4528 an-

1343 4574 1473 4628 norum
1493 4557 1771 4630 multitudinem.

1678 4817 1682 4827 ¹
1735 4730 1951 4819 exemplum.

1398 4922 1413 4936 ,.
1445 4841 1514 4954 Ut,
1542 4867 1638 4960 quod
1655 4863 1826 4945 dirimns,
1847 4863 1910 4933 titt
1925 4865 2136 4948 evidentius,
2162 4863 2210 4934 sit
2221 4881 2348 4939 exem.

1341 4969 1512 5060 plicatura
1529 4969 1631 5038 lonis
1643 4967 1859 5058 praecedens
1874 4968 2091 5061 principium
2108 4967 2258 5051 Arietis,
2285 4995 2347 5042 se-

1341 5095 1454 5166 quens
1485 5069 1701 5163 principium
1731 5067 1989 5155 Geminorum,
2034 5071 2155 5164 regio,
2197 5073 2236 5140 in
2265 5097 2345 5166 qua

545 5249 551 5260 .
590 5249 596 5260 .
775 5251 780 5262 ,
985 5249 1018 5262 ,,
1090 5242 1108 5270 „
1340 5175 1415 5246 dies
1426 5175 1604 5244 enauimus
1621 5183 1673 5241 est
1688 5166 1862 5241 horarum
1882 5175 2167 5266 quatuordecim.
2221 5175 2344 5248 liora-

362 5254 423 5300 dem
442 5250 525 5298 situm
543 5249 638 5296 incidit
656 5263 716 5298 cn-
734 5250 845 5298 lionore
869 5251 899 5299 et
922 5249 1083 5300 meridiano.
1152 5245 1287 5301 Fortasse
1360 5277 1370 5294 .

1339 5301 1392 5346 rra
1426 5301 1511 5366 ergo
1546 5272 1758 5364 magnitudo
1798 5274 1968 5368 principii
2002 5279 2240 5350 Geminorum
2283 5297 2344 5355 est
2418 5265 2419 5296 r

1338 5379 1577 5475 septendecim
1595 5377 1791 5466 graduum,
1818 5391 1900 5455 octo
1913 5384 2176 5482 scrupulorum.
2229 5379 2344 5456 Oria-
2418 5373 2419 5408 i

1338 5495 1397 5552 tur
1415 5494 1534 5550 autem
1549 5481 1667 5572 primo
1684 5479 1825 5551 initium
1844 5484 1997 5569 Arietis,
2022 5499 2063 5555 ut
2079 5487 2169 5556 coeli
2192 5485 2342 5561 culmen
