4746 6106
252 435 425 507 corpore,
460 437 613 508 quarum
638 415 757 485 media
782 417 934 490 rutilans
956 431 991 488 et
1013 417 1167 488 lucidior
1191 445 1254 489 vo-

253 531 355 588 catur
387 509 571 612 ἅντᾶρης,
613 517 769 590 Martem
804 533 839 590 et
863 517 1031 591 nonnihil
1050 520 1171 592 lovem
1199 547 1254 592 re·

250 623 388 700 serunt,
416 643 509 714 quae
525 645 611 690 vero
626 635 710 692 sunt
726 623 762 691 in
780 625 929 696 nexibus
951 628 1104 710 caudae,
1131 624 1255 696 Satur·

251 725 362 796 ninae
385 733 470 792 suut
495 737 530 793 et
551 721 719 794 nonnihil
737 725 932 799 Venereae.
983 727 1084 798 Aliae
1112 729 1149 798 in
1172 751 1255 799 acu·

251 829 309 898 leo
326 825 547 896 Mercurium
565 841 599 896 et
614 827 768 898 Martem
786 832 958 902 referunt.
1009 829 1071 902 llle
1088 857 1174 902 vero
1193 855 1254 926 gy·

253 955 316 1003 rus
330 929 543 1014 nebulosus,
570 930 723 1004 Martius
738 945 773 1002 et
788 933 943 1006 lunaris
960 947 1023 1006 est.

357 1049 486 1120 Stellae
512 1049 716 1142 Sagittarii,
752 1065 949 1146 quaesunt
972 1053 1009 1122 in
1032 1053 1175 1148 cuspide
1201 1079 1256 1126 sa-

254 1153 383 1248 gittae,
418 1151 572 1224 Martiae
595 1167 679 1226 sunt
706 1167 741 1224 et
762 1153 937 1228 Lunares.
1006 1153 1047 1226 ln
1080 1183 1186 1240 arcu,
1221 1170 1257 1228 et

255 1281 297 1328 ea
313 1255 416 1326 nervi
431 1269 551 1348 parte,
577 1281 669 1352 quae
686 1283 795 1328 manu
821 1255 1077 1352 prehenditur,
1103 1257 1199 1334 lovis
1222 1273 1258 1330 et

256 1359 387 1431 Martis
401 1371 570 1430 naturam
592 1361 783 1444 referunt„
805 1361 924 1456 Cyrus
942 1362 979 1432 in
995 1365 1097 1448 facie,
1122 1363 1257 1434 Solaris

255 1477 291 1534 et
304 1462 459 1534 Martius
484 1475 547 1534 cst.
598 1463 700 1534 Aliae
719 1465 756 1533 iu
771 1465 878 1536 lasela
897 1479 932 1535 et
946 1467 1077 1552 dorso,
1107 1465 1200 1540 lovis
1223 1477 1259 1536 ει

255 1565 428 1637 Mercurii
444 1579 611 1636 naturam
630 1570 801 1640 referunt.
844 1569 946 1637 Aliae
963 1570 1000 1638 in
1018 1569 1185 1664 pedibus,
1212 1571 1258 1640 ad

255 1667 351 1740 lovis
368 1681 403 1738 et
419 1667 565 1739 Saturni
581 1683 749 1742 naturam
767 1673 952 1742 accedunt.
987 1673 1118 1766 Figura
1137 1687 1257 1744 autem

257 1785 414 1870 quatuor
437 1771 589 1842 laterum
614 1773 652 1842 in
677 1775 811 1858 cauda,
856 1773 1018 1846 Venerea
1051 1789 1105 1848 est
1130 1789 1166 1848 et
1195 1777 1260 1846 ali-

258 1875 474 1974 quantulum
493 1875 701 1950 Saturnino.

361 1997 491 2068 Stellae
508 1995 545 2066 in
556 1995 769 2090 Capricorni
783 1999 963 2085 cornibus,
980 1999 1165 2072 Venereae
1177 2012 1262 2071 sunt

259 2113 296 2173 et
313 2100 577 2194 aliquantulum
596 2101 768 2186 Martiae;
796 2105 833 2173 in
853 2129 928 2188 ore,
944 2103 1162 2175 Saturninae
1177 2115 1262 2174 sunt

258 2219 293 2276 et
310 2203 574 2298 aliquantulum
591 2203 792 2289 Venereae;
828 2208 865 2276 in
888 2209 1040 2300 pedibus
1066 2219 1102 2276 et
1124 2219 1261 2289 ventre,

258 2307 416 2378 Martiae
442 2319 477 2376 et
501 2307 749 2392 Mercurialcs;
784 2311 822 2380 in
844 2311 978 2394 cauda,
1005 2309 1202 2380 Saturnum
1227 2321 1263 2378 et

257 2409 380 2482 lovem
397 2411 568 2484 referunt.

363 2531 493 2602 Stellae
511 2529 662 2628 Aquarii
680 2533 719 2602 in
734 2529 915 2616 humeris,
942 2555 1052 2602 manu
1066 2531 1209 2604 sinistra
1228 2543 1265 2600 et

260 2647 377 2718 veste,
412 2634 631 2706 Saturninae
660 2649 746 2706 sunt
780 2647 814 2704 et
837 2635 1081 2706 Mercuriales.
1150 2631 1192 2704 lu
1214 2635 1263 2702 le-

259 2739 443 2822 muribus,
485 2741 600 2828 magis
625 2737 858 2810 Mercuriales
883 2751 987 2825 sunt,
1029 2738 1150 2809 minus
1177 2761 1263 2806 vero

260 2839 490 2914 Saturninae.
557 2839 597 2910 ln
621 2841 734 2912 elluso
759 2841 885 2926 latice,
922 2840 1120 2912 Saturnum
1144 2851 1181 2910 ct
1200 2839 1265 2908 ali·

262 2944 478 3042 quantulum
491 2939 614 3013 lovem
630 2947 804 3017 referunt.

364 3063 495 3136 Stellae
514 3063 552 3134 iu
568 3063 683 3157 capite
697 3065 810 3138 Piscis
827 3062 1006 3148 australis,
1033 3060 1266 3134 Mercuriales

262 3182 299 3240 ει
320 3165 585 3265 aliquantuhrm
611 3168 841 3240 Saturninae.
899 3163 942 3238 ln
966 3189 1138 3260 corpore,
1171 3163 1267 3238 lovis

263 3285 299 3348 et
313 3269 485 3344 Mercurii
501 3283 669 3344 naturam
687 3275 867 3352 reserunt;
893 3272 933 3342 in
950 3273 1063 3342 cauda
1086 3283 1121 3340 et
1141 3269 1179 3340 in
1204 3272 1265 3342 blo

262 3375 414 3448 australi
435 3377 483 3446 ad
496 3375 691 3446 Saturnum
715 3391 750 3448 et
773 3375 1039 3471 aliquantulum
1062 3377 1108 3445 ad
1125 3373 1268 3446 Mercu·

261 3479 360 3550 rium
385 3481 571 3550 accedunt.
636 3477 678 3548 ln
705 3504 857 3574 corpore
885 3491 921 3550 et
943 3479 1046 3570 spina
1070 3477 1183 3550 Piscis
1203 3480 1269 3548 bo-

264 3581 384 3668 realis,
398 3581 553 3652 Martiae
569 3596 701 3654 suntet
717 3583 981 3678 aliquantulum
992 3581 1188 3653 Venereae.
1227 3578 1269 3650 ln

263 3685 325 3758 blo
345 3685 484 3756 boreali
500 3687 673 3758 accedunt
688 3689 733 3758 ad
750 3687 898 3758 Saturni
916 3700 952 3758 et
966 3684 1062 3756 lovis
1086 3697 1269 3756 naturam.

262 3787 401 3862 Lucida
433 3789 472 3860 in
503 3792 622 3874 nodo,
662 3791 796 3862 Martia
831 3803 884 3862 est
917 3803 953 3860 et
981 3785 1151 3860 nonnihil
1173 3788 1270 3860 Mer·

265 3893 421 3968 curialis.

368 4011 411 4082 ln
434 4013 582 4105 regione
603 4015 878 4106 septentrionali
897 4013 1046 4086 Zodiaci
1068 4014 1208 4086 lucidae
1232 4013 1271 4083 in

267 4115 360 4188 Ursa
386 4117 549 4202 minore,
586 4117 804 4190 Saturninae
834 4133 919 4192 scrut
945 4131 981 4190 ει
1007 4114 1176 4189 nonnihil
1202 4117 1272 4187 Ve-

268 4241 413 4292 nereae.
470 4221 602 4294 Stellae
624 4221 662 4292 in
691 4222 781 4294 Ursa
807 4223 966 4308 maiore,
993 4221 1153 4292 Martiae
1175 4233 1271 4293 sunt.

269 4323 344 4394 Sub
361 4323 474 4394 cauda
492 4319 598 4396 huius
614 4325 726 4396 Coma
743 4325 952 4410 Berenices,
979 4323 1137 4397 Lunaris
1151 4339 1186 4396 et
1201 4325 1271 4394 Ve-

269 4449 378 4498 nerea
401 4439 466 4496 est.
526 4425 704 4502 Draconis
726 4431 849 4500 stellae
872 4429 1081 4514 lucidiores,
1108 4429 1273 4500 Saturni-

270 4553 362 4612 nae,
396 4527 551 4600 Martiae
575 4543 610 4600 et
632 4531 785 4605 loviales
807 4547 903 4604 sunt.
961 4529 1116 4626 Cephei,
1148 4532 1273 4602 Satur-

271 4632 381 4706 ninae
397 4645 433 4702 ει
448 4629 611 4706 loviales.
663 4637 823 4722 Bootae,
850 4635 1083 4706 Mercuriales
1100 4647 1135 4704 et
1149 4635 1273 4706 Satur-

272 4735 395 4806 ninae.
446 4735 581 4808 Lucida
601 4749 636 4808 et
651 4739 781 4824 rutila,
811 4763 906 4835 quae
920 4749 1071 4810 vocatur
1085 4741 1273 4823 Arcturus,

272 4835 418 4912 lovialis
435 4851 488 4912 est
507 4851 542 4910 et
558 4839 749 4916 Martialis.

378 4957 523 5030 Corona
539 4961 851 5053 septentrionalis,
878 4960 1040 5033 Venerea
1059 4973 1112 5033 cst
1128 4971 1163 5031 et
1178 4959 1275 5030 Mer-

274 5061 431 5134 curialis.
483 5063 739 5150 Geniculator,
766 5065 1002 5138 Mercurialis.
1063 5065 1181 5159 Lyra,
1205 5061 1275 5134 Ve-

274 5189 385 5236 nerea
417 5177 471 5236 est
502 5177 537 5237 et
565 5165 802 5240 Mercurialis.
880 5167 1053 5256 Gallina,
1100 5167 1275 5239 similiter.

276 5267 488 5362 Cassiopea,
527 5269 720 5342 Saturnina
742 5285 795 5344 est
817 5285 852 5342 et
872 5271 1047 5345 Veneres.
1112 5271 1277 5354 Perseus,

275 5369 420 5444 lovialis
453 5385 489 5444 et
511 5371 740 5450 Saturninus.
808 5375 927 5472 Gyrus
957 5377 996 5448 in
1017 5375 1146 5470 capulo
1171 5373 1277 5460 ensis,

275 5470 431 5550 Martius
453 5489 488 5550 et
504 5475 740 5553 Mercurialis.

826 241 950 318 PlllL.
985 241 1099 318 MEL.
1133 241 1337 317 SClllP'l'A
1369 239 1711 315 PlllLOlDGlCA.

2250 241 2299 318 24

1408 413 1451 486 In
1473 413 1608 508 Auriga
1631 413 1843 498 lucidiores,
1875 412 2028 482 Martiae
2053 426 2088 482 et
2109 413 2303 486 Mercuria-

1306 519 1368 590 les.
1428 519 1672 612 Scrpeutarii,
1706 517 1924 589 Saturninae
1947 529 2030 586 sunt
2054 528 2089 586 ct
2110 517 2302 590 Venereae.

1306 622 1461 714 Serpens
1491 647 1577 692 vero
1610 622 1705 715 ipse,
1745 619 1959 692 Saturninus
1991 633 2025 688 et
2056 619 2211 692 Martius
2242 635 2303 693 est.

1307 725 1463 816 Sagitta,
1490 724 1623 794 Martia
1643 737 1694 795 est
1713 738 1747 795 et
1760 719 1926 793 nonnihil
1941 721 2116 794 Venerea.
2162 723 2303 818 Aquila,

1307 827 1440 898 Martia
1458 841 1510 900 εει
1530 841 1565 897 ει
1579 825 1735 898 lovialis.
1787 821 2007 918 Delphinus,
2034 827 2249 898 Saturninus
2271 841 2306 898 et

1307 929 1473 1002 Martius.
1532 927 1742 1001 Lucidiores
1759 929 1881 1000 stellae
1896 928 2010 1022 Equi,
2045 929 2201 1000 Martiae
2226 945 2306 1002 sunt

1308 1047 1344 1104 ει
1355 1031 1598 1104 Mercuriales.
1631 1033 1876 1116 Andromede,
1902 1031 2064 1100 Venerea
2085 1047 2149 1104 εει.
2193 1035 2307 1119 Delta,

1311 1136 1527 1206 Mercuriale
1550 1149 1614 1208 εει.
2152 1143 2160 1158 “

1411 1235 1452 1308 ln
1468 1238 1615 1330 regione
1631 1236 1790 1308 australi.
1823 1233 1864 1304 ln
1880 1235 1992 1305 Piscis
2008 1236 2176 1307 australis
2192 1251 2305 1310 rostro

1309 1340 1426 1410 lucida
1453 1343 1576 1426 stella,
1611 1353 1664 1412 est
1690 1339 1851 1410 Venerea
1876 1351 1912 1407 et
1935 1337 2174 1412 Mercurialis.
2233 1340 2308 1412 Ceti

1309 1444 1451 1527 stellae,
1477 1443 1694 1516 Saturninae
1712 1455 1806 1514 sunt.
1857 1440 2006 1512 Orionis
2025 1438 2187 1526 humeri,
2214 1445 2309 1514 Mar·

1310 1547 1353 1616 tii
1368 1559 1405 1618 et
1418 1547 1662 1618 Mercuriales.
1714 1545 1890 1640 Reliquae
1915 1544 1991 1615 eius
2015 1547 2137 1616 stellae
2162 1547 2309 1617 lucidio-

1311 1675 1389 1733 res,
1428 1647 1580 1721 loviales
1604 1662 1688 1720 sunt
1713 1662 1749 1718 et
1770 1647 1999 1719 Saturninae.
2066 1649 2232 1720 Extrema
2256 1651 2308 1720 lu·

1312 1752 1390 1822 ricla
1407 1751 1580 1838 Eridani,
1614 1751 1776 1833 lovialis3
1811 1764 1847 1820 et
1867 1751 2027 1845 reliquae
2051 1766 2135 1822 sunt
2149 1753 2310 1824 Saturni-

1312 1879 1392 1926 nae.
1444 1854 1580 1948 Lepus,
1607 1869 1660 1926 cst
1676 1853 1912 1926 Mercurialis.
1966 1853 2091 1938 Canis,
2116 1855 2308 1924 Venereus.

1313 1957 1426 2030 Sirius
1443 1959 1480 2028 in
1500 1971 1619 2029 rostro
1636 1959 1795 2049 fulgens,
1821 1954 1964 2028 lovialis
1980 1969 2015 2024 et
2028 1953 2194 2026 nonnihil
2209 1957 2306 2024 Mar·

1314 2061 1395 2132 tius.
1445 2061 1562 2154 Hydri
1583 2061 1788 2144 lucidiores,
1814 2059 2030 2131 Saturninae
2046 2073 2130 2131 sunt
2145 2073 2180 2130 et
2193 2059 2307 2127 Vene-

1313 2187 1408 2234 reae.
1468 2164 1614 2247 Crater,
1648 2163 1831 2234 Venereus
1855 2175 1907 2232 est
1927 2175 1962 2230 et
1983 2159 2151 2232 nonnihil
2171 2162 2310 2230 Mercu·

1314 2267 1425 2339 rialis.
1488 2267 1647 2349 Corvus,
1682 2265 1836 2336 Martius
1861 2277 1970 2332 estet
1994 2266 2222 2336 Saturninus.
2270 2258 2314 2328 ln

1313 2371 1412 2460 Argo
1429 2369 1514 2438 navi
1531 2368 1744 2450 lucidiores,
1771 2367 1987 2436 Saturninae
2002 2382 2037 2437 et
2052 2369 2215 2440 loviales.
2274 2361 2315 2432 ln

1316 2472 1499 2542 Centauro
1512 2465 1672 2542 humana
1687 2473 1813 2558 figura,
1840 2467 2002 2536 Venerea
2020 2485 2056 2540 et
2072 2467 2316 2546 Mercurialis;

1316 2575 1469 2670 equinae
1489 2575 1623 2666 figurae
1645 2571 1856 2652 lucidiores,
1894 2582 1977 2639 sunt
1997 2571 2184 2645 Venereae
2205 2586 2240 2643 et
2263 2570 2318 2640 lo-

1317 2679 1440 2750 viales.
1497 2675 1709 2746 Lucidiores
1724 2675 1761 2742 in
1779 2672 1908 2762 Lupo,
1931 2671 2150 2750 Saturninae
2174 2685 2259 2751 sunt
2286 2685 2321 2742 et

1317 2777 1484 2850 nonnihil
1501 2779 1666 2849 Martiae.
1717 2778 1811 2860 Ara,
1833 2774 1994 2846 Venerea
2013 2793 2066 2850 est
2092 2796 2130 2852 et
2153 2776 2321 2852 nonnihil

1317 2883 1525 2955 Saturnius.
1576 2879 1618 2950 ln
1633 2905 1768 2952 corona
1793 2881 1942 2951 australi
1961 2882 2173 2972 lucidiores,
2198 2884 2322 2956 Satur·

1318 2987 1426 3056 ninae
1443 2999 1479 3058 et
1494 2985 1739 3057 Mercuriales.

1379 3162 1547 3233 Deciani
1570 3157 1795 3249 temporibus,
1829 3167 1862 3228 es
1885 3123 2036 3252 quatuor
2055 3161 2261 3250 uapularem
2360 3229 2361 3234 ,

1749 3271 1887 3331 natura.

1422 3404 1542 3496 Atque
1557 3393 1625 3467 hae
1642 3409 1725 3468 sunt
1745 3396 1927 3466 stellarum
1945 3395 2116 3488 propriae
2140 3391 2257 3476 vires,
2286 3403 2328 3460 ut

1322 3531 1341 3576 a
1359 3504 1540 3574 veteribus
1555 3501 1766 3572 observatae
1788 3511 1882 3569 sunt.
1943 3498 2215 3571 Consideranda
2242 3505 2328 3566 sunt

1321 3621 1442 3680 autern
1466 3619 1502 3676 ει
1523 3605 1612 3674 anni
1635 3617 1818 3694 tempora:
1854 3627 1937 3688 ver,
1964 3617 2100 3690 aestas,
2129 3613 2327 3672 autumnus

1324 3709 1501 3784 ethiems.

1424 3813 1466 3884 ln
1484 3835 1566 3881 vere
1582 3809 1743 3880 abundat
1765 3805 1979 3894 humiditas,
2013 3809 2098 3906 quia
2120 3808 2242 3882 soluto
2264 3801 2328 3872 fri-

1323 3945 1409 4016 gore
1437 3913 1592 3988 diffundi
1608 3937 1671 3983 aer
1690 3913 1808 3984 calore
1828 3913 1966 4006 incipit.

1427 4023 1553 4092 Aestas
1568 4017 1719 4088 calidior
1736 4030 1807 4102 est,
1834 4017 1917 4112 quia
1936 4018 1997 4088 Sol
2013 4013 2164 4108 propius
2183 4011 2230 4080 ad
2249 4029 2328 4076 ver·

1326 4127 1431 4200 tieem
1449 4136 1613 4194 nostrum
1634 4121 1781 4192 accedit.

1426 4228 1632 4298 Autumnus
1653 4223 1780 4296 siccior
1800 4235 1871 4308 est,
1904 4221 1988 4318 quia
2013 4234 2164 4316 propter
2189 4223 2331 4282 aestum

1324 4331 1559 4432 praeteritum
1577 4323 1768 4400 exhaustae
1784 4339 1867 4397 sunt
1883 4321 2126 4396 humiditatcs.

1427 4435 1550 4506 Hiems
1566 4431 1732 4524 frigidior
1747 4443 1817 4513 cst,
1849 4431 1932 4526 quia
1955 4443 2030 4498 turn
2055 4453 2074 4496 a
2099 4419 2236 4494 vertice
2261 4435 2330 4482 no·
2361 4429 2362 4474 ;

1325 4554 1399 4614 stro
1416 4539 1479 4612 Sol
1494 4537 1701 4630 longissime
1718 4533 1838 4606 distat.
2308 4615 2315 4629 .

1429 4644 1661 4737 Quamquam
1685 4652 1804 4710 autern
1827 4631 1993 4726 Signiferi
2019 4633 2161 4702 nullum
2186 4635 2240 4694 cst
2265 4619 2333 4732 inp-

1325 4745 1436 4832 usam,
1462 4771 1542 4818 rum
1559 4745 1605 4816 sit
1625 4739 1796 4826 circulus,
1823 4737 2086 4808 constituerunt
2108 4748 2234 4804 tamen
2260 4743 2335 4814 prl-

1326 4877 1425 4922 mum
1450 4851 1590 4944 signum
1613 4845 1792 4930 Arietem,
1825 4842 1958 4936 inquo
1981 4833 2256 4938 aequinoctium
2284 4829 2337 4892 est

1326 4979 1497 5024 vernum:
1525 4967 1565 5022 ut
1587 4947 1773 5022 humidam
1798 4945 1891 5018 veris
1914 4959 2083 5015 naturam
2109 4952 2290 5030 tanquam
2315 4941 2336 4986 a

1327 5057 1411 5127 vivo
1427 5057 1612 5126 animante
1632 5049 1865 5134 inchoarent,
1892 5051 2060 5141 deinceps
2085 5047 2337 5152 annum-eran·

1328 5173 1381 5232 tes
1399 5161 1518 5256 aliqua
1542 5158 1630 5228 anni
1648 5169 1826 5250 tempora.
1884 5151 2016 5224 Omnia
2044 5153 2142 5222 enim
2169 5149 2338 5256 amman-

1328 5264 1378 5334 tia
1395 5263 1514 5358 prima
1531 5275 1667 5346 aetate,
1699 5263 1786 5331 dum
1811 5273 1934 5330 tenera
1957 5269 2041 5327 sunt
2063 5243 2272 5327 ermolas.
2298 5235 2341 5296 ul

1329 5391 1412 5453 ver,
1438 5363 1592 5438 humore
1607 5367 1804 5436 abundant.
1856 5361 1997 5432 Deinde
2018 5354 2177 5432 secunda
2205 5343 2340 5410 aetate,

1330 5473 1445 5543 donec
1480 5483 1604 5544 manet
1636 5471 1760 5564 vigor,
1804 5467 1918 5560 magis
1951 5466 2085 5536 calent:
2130 5465 2174 5524 ut
2210 5447 2340 5512 aestas·
