4844 6122
93 224 165 303 ιιι
272 211 417 292 ιιιιιι
451 212 850 338 ιιιιιιιιιιιιιιιιιιι
876 220 1050 304 eamn
1066 212 1485 344 qumanaarm
1487 207 1773 349 mpmnan
1796 207 1962 290 ιιιιιι.
2066 211 2150 354 iffi

94 411 195 470 terna
211 390 377 466 Saturno
392 389 634 478 adiuvantur,
656 405 763 466 eruut
785 395 940 468 mltores
960 393 1093 466 bestia

92 523 187 582 rum,
220 491 463 586 vespillones,
496 495 690 590 practicae,
717 493 890 590 lugubria
911 489 1090 582 canentes,

93 596 253 682 fanatici,
281 608 471 666 versantes
484 597 524 666 in
545 595 652 686 locis,
685 599 748 670 ubi
768 601 860 675 liunt
882 625 1004 687 sacra,
1037 590 1095 668 ιι-

94 700 352 784 mentationes,
377 698 616 789 lacerationes
632 725 837 804 corporum.
888 703 953 774 Sin
969 716 1089 775 autem
1169 757 1173 766 .

100 833 118 877 a
135 803 211 876 love
232 801 482 886 adiuvantur,
522 817 628 874 eruut
648 797 855 892 sacrificuli,
897 808 1090 902 aruspices,

105 931 268 982 sacrorum
296 896 438 988 baiuli,
477 905 688 980 mulieribus
715 909 906 1002 praefecti,
945 910 1090 1003 nuptia-

112 1035 183 1080 mm
201 1007 467 1090 conciliatores,
510 1011 544 1076 e't
566 1007 650 1080 iude
671 1009 891 1100 victitantes,
931 1011 1090 1086 fruentes

115 1111 354 1206 voluptatibus,
380 1107 460 1180 sine
477 1123 576 1182 metu
591 1111 697 1184 ullius
711 1117 896 1206 periculi...

189 1214 386 1306 dignorum
401 1223 524 1281 autem
539 1216 760 1309 proprietas,
788 1219 832 1290 in
855 1221 984 1314 quibus
999 1213 1092 1292 sunl

102 1317 244 1412 planetae
255 1313 467 1408 magisterii
483 1315 654 1406 datores,
668 1319 717 1388 ad
729 1322 941 1432 varietatem
955 1323 1123 1394 artium

103 1419 259 1492 conducit.

185 1523 319 1615 Signa,
354 1545 515 1620 quorum
529 1523 664 1616 figurae
680 1471 979 1614 suutliumanae,
1005 1553 1089 1600 con·

108 1623 218 1697 ducunt
231 1625 280 1695 ad
296 1623 469 1696 scientias
494 1637 530 1695 et
550 1626 594 1694 ιιι
620 1640 734 1737 artes,
767 1629 814 1698 ad
836 1655 941 1702 usum
961 1584 1092 1725 ιἰιιιιιιι-ι
1119 1683 1120 1696 ι

106 1753 176 1798 num
195 1709 503 1802 accommodatas,
820 1788 824 1797 .

190 1831 481 1948 Quadrupedem
505 1807 641 1920 figurae
664 1833 871 1904 conducunt
893 1834 940 1906 ad
962 1833 1089 1908 metal-

108 1931 181 2020 li'ca,
203 1938 246 2005 ad
268 1929 559 2024 negotiationes,
592 1934 857 2008 aedificationes
883 1951 918 2007 et
938 1936 1090 2008 fabrica·

110 2035 228 2117 tiones,
278 2031 557 2154 aequinoctialia
600 2049 635 2104 et
670 2037 870 2135 solstitialia
906 2041 955 2110 ad
993 2065 1090 2112 com-

113 2137 337 2222 mutationes,
353 2136 690 2232 interpretationes,
713 2144 971 2238 geometriam,
997 2145 1090 2245 agri-

127 2239 279 2310 culturam
311 2252 341 2310 et
371 2239 628 2333 caeremonias.
699 2226 900 2318 Terrestris
934 2272 1021 2320 vero
1056 2261 1092 2320 et

117 2343 259 2436 aquatica
285 2343 493 2415 conducunt
523 2345 569 2412 ad
597 2345 852 2420 tractandas
826 2375 883 2422 res
905 2365 1090 2426 nascentes

111 2443 265 2542 inaquis,
290 2445 381 2517 item
404 2449 453 2516 ad
474 2441 625 2534 herbas,
659 2461 694 2518 et
716 2475 826 2524 naves
851 2455 1090 2546 fabricandas,

111 2547 181 2618 ιιιιιι
193 2552 234 2619 ad
249 2551 480 2643 sepulturas,
514 2551 560 2620 ad
583 2551 833 2642 condimenta,
863 2551 1090 2648 salsamenta,

113 2653 157 2721 vel
167 2647 285 2725 herbas
304 2653 541 2724 condiendas.

187 2755 338 2828 sivero
360 2753 469 2828 Luna
498 2755 650 2850 adspicit
679 2761 840 2834 datores
850 2763 1047 2856 magistern
1069 2790 1088 2836 a

104 2859 343 2930 coniunctione
360 2859 565 2949 discedens,
593 2863 916 2963 cumMercurio,
905 2895 945 2938 ιιι
954 2869 1091 2954 Tauro,

104 2961 312 3056 Capricorno
338 2973 376 3031 et
394 2961 555 3048 Cancro,
583 2960 711 3038 efficiet
724 2981 851 3056 vates,
876 2971 1091 3046 sacrificulos

100 3068 400 3137 etvaticinantes'
401 3092 445 3136 er
467 3065 627 3159 pelvis
615 3094 654 3137 ιιι
671 3067 864 3163 Sagittario
881 3089 917 3146 et
929 3075 1092 3150 Piscibus

105 3169 241 3241 dbciunt
264 3167 512 3240 vaticinantes
545 3175 587 3240 ex'
618 3185 847 3246 mortuorum
881 3191 918 3250 et
945 3183 1092 3252 daemo-

102 3295 174 3343 num
196 3271 406 3368 colloquio;
447 3273 485 3342 in
507 3264 684 3366 ιΓιςῑιιι
687 3289 723 3346 et
744 3276 915 3373 Scorpio,
954 3307 1091 3376 magos,

99 3377 312 3470 astrologos,
340 3375 480 3446 occulta
496 3379 719 3468 proferentes
748 3394 784 3452 et
805 3385 927 3456 lutura
949 3387 1092 3479 praedi-

99 3495 222 3562 tentes;
251 3479 293 3547 in
307 3475 441 3564 Libra,
466 3475 587 3552 Ariete
611 3493 645 3550 et
660 3477 804 3574 Leone
829 3489 979 3582 adflatos
1001 3489 1092 3560 divi-

97 3581 201 3666 nitus,
229 3581 494 3668 somniatores,
517 3581 753 3682 adiuratores.

189 3685 244 3753 Ac
258 3685 305 3754 de
319 3684 436 3778 specie
460 3676 642 3758 actionum
665 3683 735 3760 hoc
754 3694 865 3784 modo
889 3693 1093 3768 considera·

97 3783 136 3857 tis
147 3787 387 3860 mixtionibus
404 3789 609 3860 coniectura
624 3789 699 3864 fiat.

192 3889 265 3960 Sed
287 3891 577 3982 magnitudinem
601 3895 765 3965 ostendet
793 3895 948 3988 dignitas
976 3901 1092 3972 domi·

101 3993 265 4062 nautium
278 3995 476 4067 stellarum.

204 4094 390 4170 Cumsunt
415 4099 626 4186 orientales,
661 4101 785 4172 autin
809 4103 1014 4180 cardinibus
1039 4109 1091 4178 fa-

96 4197 198 4270 ciunt
223 4203 472 4273 antecellentes
492 4203 588 4284 aliis;
630 4206 691 4274 sed
715 4229 796 4275 cum
821 4221 905 4278 suut
928 4212 1092 4282 occiden-

95 4304 203 4390 tales,
245 4315 308 4374 aut
330 4308 499 4377 cadentes
529 4329 549 4376 a
581 4307 805 4398 cardinibus,
846 4311 984 4386 faciunt
1010 4317 1092 4388 sub-

97 4403 203 4478 iectos
225 4406 318 4478 aliis.

192 4507 336 4581 Etcum
352 4511 533 4582 beneficae
549 4513 671 4584 stellae
693 4529 777 4586 sunt
800 4515 959 4588 elevatae
985 4543 1092 4614 super

98 4611 344 4700 dominantes,
366 4615 505 4686 iaciunt
529 4641 697 4710 magnos,
724 4617 920 4710 gloriosos,
951 4621 1093 4694 lucran-

97 4725 166 4800 tes,
192 4741 271 4787 non
298 4719 543 4805 offendentes,
577 4719 766 4812 gratiosos.
828 4721 987 4798 Ecoutra
1011 4753 1091 4798 cum

96 4819 275 4893 maleficae
294 4823 452 4894 elevatae
468 4835 550 4895 sunt
564 4845 672 4918 super
687 4823 944 4918 dominatores,
957 4831 1095 4902 iaciunt

100 4923 309 5012 submissos,
337 4925 531 5046 ignobiles,
556 4921 648 4998 nihil
669 4927 848 5002 lucrantes
869 4943 905 5003 et
925 4933 1093 5028 periculis

100 5021 301 5122 implicitos.

194 5131 235 5204 Si
256 5131 436 5204 Satumus
460 5131 724 5222 adversabitur,
749 5133 856 5207 faciet
877 5135 1033 5232 frigora,
1059 5154 1095 5212 et

101 5231 257 5310 colorum
277 5237 468 5309 mixturas.
517 5237 556 5308 δι
569 5237 667 5310 Mars
689 5239 955 5330 adversabitur,
989 5245 1096 5316 faciet

102 5341 313 5418 temeritates
327 5353 365 5412 et
379 5339 557 5414 infamias.
600 5341 690 5415 Cum
708 5355 826 5413 autem
843 5347 951 5416 ambo
968 5351 1093 5420 adver-

102 5455 240 5535 santur,
263 5445 498 5542 significant
487 5459 646 5539 angentes
663 5447 964 5542 perturbationes.

1243 389 1403 484 Tempus
1437 400 1558 458 autem
1592 387 1806 483 incrementi
1836 387 1924 494 yel
1922 389 2025 457 decre
2066 389 2143 458 enti

1139 489 1270 565 harum
1282 491 1523 574 effectionum,
1540 475 1705 562 sumatur
1721 515 1740 562 a
1758 491 1880 588 positu
1895 473 1941 560 a'd
1956 411 2140 562 tartiinem

1143 595 1354 668 orientalem
1370 608 1403 668 et
1423 591 1692 697 occidentalem.
1936 605 1940 616 '

1881 711 1884 718 ·
1957 695 1961 715 ·
2007 696 2012 713 ·
2085 683 2090 697 ·
2138 684 2147 746 ι

1508 759 1776 854 mmmm.
1874 760 1974 837 ·.·’.;,
2043 773 2148 824 .=·‚·1:.·.

1189 896 1504 992 Coniugiorum
1537 895 1868 970 considerationem
1895 889 1986 965 ordo
2021 887 2145 973 offeri.

1141 1001 1206 1075 Est'
1222 1015 1341 1076 autem
1358 1003 1401 1073 de
1417 1001 1628 1094 legitima'
1593 999 1663 1070 vrri
1678 1012 1714 1072 et
1734 991 1897 1070 mulieris
1918 991 2147 1119 coniunctio'd,

1141 1132 1187 1178 ne
1207 1103 1278 1178 hoc
1298 1105 1409 1177 modo
1437 1103 1722 1176 coniectandum.
1780 1097 1871 1171 In
1835 1097 1998 1172 vrror'urn
2016 1094 2143 1206 'coniu-

1141 1211 1209 1304 giis
1220 1207 1347 1282 Lunae
1370 1207 1548 1302 positum,
1574 1203 1843 1302 etquomudo'
1830 1227 1908 1324 rpsa
1931 1203 2059 1276 affecta
2081 1207 2147 1292 sit,

1122 1313 1368 1384 considerare
1384 1321 1538 1405 oportet.
1587 1305 1762 1378 Etenim
1750 1332 1788 1376 m
1804 1299 2038 1386 orientalibus
2055 1318 2144 1403 con-⁸

1087 1415 1263 1500 stituta
1285 1415 1569 1512 quadrantibus,
1597 1409 1721 1482 autin
1743 1409 1863 1505 prima,
1888 1411 2155 1523 adulescentia,-

1141 1517 1238 1588 viros
1255 1517 1429 1620 coniugiis
1444 1509 1624 1610 implicat,
1651 1527 1714 1584 aut
1735 1529 1818 1606 post
1842 1518 2021 1586 maturam
2045 1531 2144 1596 aeta·,

1141 1634 1212 1690 tem
1235 1621 1361 1691 iisdem
1385 1621 1594 1692 iuvenculas
1615 1617 1788 1688 decernit.
1844 1613 1888 1684 ln
1912 1607 2143 1688 occidentali-¹

1140 1725 1208 1795 bus
1239 1737 1384 1808 eontra,
1428 1724 1485 1794 vel
1517 1719 1653 1798 tardius
1681 1731 1929 1790 contracturos
1953 1714 2143 1792 matrirno'·¹

1140 1826 1263 1912 nium,
1302 1827 1360 1897 vel
1385 1837 1474 1897 natu
1492 1820 1762 1920 grandiusculae
1783 1815 1953 1898 ducturos
1979 1807 2144 1898 denotati

1141 1929 1181 2002 Si
1203 1941 1348 2053 praeter
1368 1923 1460 1999 haec
1483 1929 1599 2004 etiam
1608 1925 1764 1998 Saturno
1781 1923 1890 1996 fuerit
1906 1926 2145 2020 configurata,

1142 2033 1350 2126 coniugium
1365 2043 1488 2124 negat,
1516 2033 1663 2104 etviros
1680 2029 1977 2102 caehbesreddit.
2024 2023 2104 2128 ’μ’
2138 2045 2144 2060 ·

1243 2136 1384 2208 Deinde
1401 2125 1617 2219 videndum,
1642 2133 1769 2232 quod
1758 2150 1833 2228 apsa
1848 2125 1990 2226 signum
2007 2115 2143 2209 teneat.

1142 2237 1181 2310 Si
1204 2239 1362 2311 enimin
1385 2239 1491 2311 unius
1515 2241 1650 2332 figurae
1672 2238 1775 2330 signo
1796 2237 1972 2322 extiterit,
1999 2251 2067 2314 aut
2076 2236 2142 2310 uni

1142 2342 1249 2414 alicui
1265 2344 1494 2438 planetarum
1513 2339 1721 2437 applicarit,
1739 2363 1866 2412 ιιιιιιιι
1889 2353 2031 2411 ιιιιιιιιιι
2054 2332 2145 2412 uxo-⁹

1140 2470 1218 2516 rem
1235 2447 1410 2539 designat.
1459 2445 1498 2518 si
1513 2471 1600 2518 vero
1614 2443 1868 2538 bicorporenm
1885 2447 1948 2514 aut
1962 2468 2004 2514 ex
2020 2437 2144 2536 liguris

1140 2549 1305 2656 pluribus
1328 2549 1574 2622 conflatum
1545 2573 1688 2644 srguum
1710 2547 1926 2640 possederit,
1954 2545 2010 2618 ael
2032 2548 2145 2631 etiam

1142 2677 1185 2724 er
1199 2655 1369 2724 eodem
1341 2679 1444 2747 siguo
1459 2651 1649 2748 pluribus
1639 2663 1757 2723 ruucta
1772 2651 1893 2734 luerit,
1918 2673 2048 2722 uxores
2064 2640 2144 2748 plu-¹

1141 2782 1199 2829 res
1214 2758 1415 2852 pollicetur.
1469 2755 1577 2852 Quod
1594 2783 1625 2830 ιι
1614 2756 1806 2852 planetae
1830 2751 1990 2826 adiuncti
2003 2751 2144 2854 Lunae,

1142 2861 1252 2931 vel
1218 2859 1337 2932 vrciuo
1360 2861 1432 2932 situ
1449 2859 1683 2955 adspectuve,
1710 2859 1769 2930 vel
1783 2857 1990 2936 testimonio
2009 2877 2050 2928 ac
2070 2857 2143 2929 sut-

1142 2965 1264 3058 lragiis
1280 2963 1416 3036 luerint
1429 2963 1539 3050 boni,
1568 2961 1740 3040 honestas
1753 2952 1902 3044 uxorem
1935 2982 1966 3033 ιι
1955 2953 2145 3055 'malefici

1144 3068 1344 3141 contrarias
1358 3068 1534 3140 tribuunt
1917 3131 1920 3139 ι

1245 3171 1422 3242 Saturnus
1438 3167 1565 3241 Lunae
1587 3171 1791 3264 applicans,
1817 3193 1946 3244 uxores
1963 3165 2146 3265 promittit

1143 3273 1285 3344 tetricas
1310 3287 1346 3344 et
1366 3273 1587 3356 laboriosam
1626 3271 1762 3370 Iupiter
1790 3265 1959 3346 honestas
1982 3288 2017 3345 et
2040 3277 2146 3346 indu·

1142 3375 1267 3462 strias,
1284 3375 1497 3470 praesertim
1511 3378 1550 3448 in
1566 3375 1796 3449 oeconomica
1816 3377 2144 3459 administratione

1143 3479 1243 3552 Mars
1270 3480 1422 3552 audaces
1451 3493 1487 3552 et
1518 3491 1764 3562 contumaces;
1811 3477 1934 3554 Venus
1956 3479 2145 3566 formosasss

1143 3607 1290 3668 suaves,
1326 3579 1477 3666 hilares;
1516 3583 1719 3659 Mercurius
1747 3607 1892 3678 sagaces
1922 3597 1958 3654 et
1989 3599 2145 3683 argutas.

1142 3685 1294 3808 Insuper
1309 3685 1432 3760 Venus
1447 3711 1526 3759 cum
1542 3687 1648 3774 Iove,
1680 3686 1737 3760 vel
1755 3687 1937 3760 Saturnus
1953 3713 2033 3759 cum
2049 3675 2146 3758 Merss

1144 3791 1265 3875 curio,
1307 3789 1419 3864 victui
1441 3794 1606 3884 parando
1633 3743 1803 3877 idoneas,
1836 3803 1998 3866 amantes
2020 3791 2145 3864 coniu-

1144 3919 1229 3987 gum
1245 3907 1280 3965 et
1293 3893 1510 3974 liberorum
1538 3921 1619 3967 cum
1636 3895 1776 3982 Marte,
1797 3895 2007 3980 iracundas,
2034 3893 2144 3966 iusta

1142 3999 1252 4084 biles,
1277 3999 1469 4070 mutabiles
1483 4001 1544 4070 dat
1559 4023 1701 4072 uxores.

1247 4099 1302 4171 De
1332 4101 1527 4173 mulierum
1557 4103 1731 4196 coniugiis
1757 4099 1876 4172 Solem
1907 4097 2145 4194 contemplari

1145 4203 1557 4296 oportet.Eteuim'1n
1581 4203 1815 4280 orientalibus
1839 4198 2032 4280 collocatus
2057 4224 2145 4300 qua-

1144 4307 1353 4395 drantibus,
1379 4308 1554 4402 significat
1571 4333 1649 4394 eas,
1673 4307 1802 4406 quibus
1821 4299 1892 4377 hoc
1913 4302 2023 4380 modo
2049 4305 2145 4400 posi'-

1144 4423 1201 4482 tus
1219 4425 1283 4498 est,
1309 4411 1367 4482 vel
1380 4413 1517 4506 puellas
1533 4413 1729 4485 admodum
1748 4411 1949 4496 elocandas',
1973 4409 2030 4480 vel
2046 4419 2144 4517 post-

1145 4539 1255 4610 quam
1280 4528 1378 4586 aetas
1403 4515 1629 4602 defloruerit,
1662 4513 1951 4590 adolescentibus
1969 4505 2144 4607 nupturas

1145 4641 1231 4690 esse.
1280 4613 1322 4686 In
1339 4617 1630 4705 occidentalibus,
1657 4631 1720 4689 aut
1736 4620 1837 4689 tarde
1853 4617 2055 4702 elocandas,
2081 4625 2144 4685 aut
2170 4667 2176 4678 ,

1144 4735 1228 4816 post
1242 4719 1369 4791 florem
1392 4719 1518 4794 aetatis
1539 4735 1627 4793 natu
1649 4719 1919 4844 grandioribus
1925 4717 2144 4810 coniungen-

1145 4829 1209 4898 das
1223 4823 1410 4916 significat.
1461 4825 1551 4896 Et'
1522 4851 1552 4897 ιι
1566 4823 1674 4896 unius
1698 4815 1831 4918 figurae
1854 4821 1995 4946 signnm
2020 4833 2144 4892 tenue-

1145 4929 1205 5016 ιιι,
1219 4941 1281 5000 aut
1296 4953 1361 4999 um
1349 4927 1486 5000 alicui
1502 4929 1729 5022 planetarum
1746 4927 1924 4999 matutino
1942 4933 2025 4994 ortu
2036 4945 2144 5017 prae-

1146 5031 1347 5104 cedentium
1365 5031 1565 5126 applicarit,
1586 5055 1699 5102 unum
1716 5031 1907 5110 maritum;
1932 5051 1964 5102 ιιι
1951 5025 2145 5120 'bicorpo

1145 5163 1270 5221 reum,
1301 5137 1359 5206 vel
1374 5161 1416 5208 ex
1431 5136 1592 5231 pluribus
1606 5133 1730 5230 figuris
1747 5132 1985 5254 compositum
2002 5127 2144 5224 siguum

1143 5239 1331 5324 habuerit,
1374 5253 1437 5311 aut
1467 5239 1630 5332 pluribus
1663 5237 1842 5312 matutino
1871 5247 1954 5306 ortu
1982 5258 2019 5306 se
2043 5243 2143 5306 ante-

1145 5344 1366 5417 vertentibus
1399 5343 1640 5435 configuratus
1669 5339 1804 5437 fueriti
1841 5339 1962 5434 plures
1993 5333 2144 5468 maritos

1144 5448 1309 5544 spondet.
1420 5487 1432 5498 -
1462 5543 1527 5616 7.
2026 5509 2030 5516 .
2124 5526 2130 5568 3
