4746 6106
286 225 338 306 as
865 225 990 302 rau.
1023 225 1137 300 usu.
1171 225 1377 302 smum
1407 223 1747 302 annosorum.
2158 321 2162 327 ι
2284 233 2335 311 44

287 399 431 472 ubertas
454 409 508 470 est
531 396 672 468 nomini
695 397 930 483 conveniens,
956 411 992 470 et
1008 413 1209 472 aromatum
1228 426 1286 472 co·
1338 400 1551 492 morigerae.
1618 397 1665 470 Et
1689 398 1728 468 in
1749 394 1805 470 lais
1828 393 2006 492 Phrygia,
2032 395 2226 494 Bithynia,
2252 405 2334 478 Col·

287 502 368 596 pia,
395 513 430 570 et
446 495 635 570 homiuum
650 501 863 584 dexteritas,
888 515 924 571 et
939 502 1134 576 liberalitas
1149 505 1187 574 in
1202 529 1286 574 con·
1309 461 1316 588 l
1339 497 1437 572 chica
1466 503 1581 594 magis
1603 504 1765 574 referunt
1785 515 1951 572 naturam
1982 501 2111 575 cancri
2135 518 2172 576 et
2195 505 2334 584 Lunae.

289 603 515 686 versatione,
541 603 782 674 contractibus
799 616 834 672 et
852 605 1109 696 negotiatione.
1336 601 1422 676 Ideo
1440 631 1570 698 magua
1588 618 1749 699 exparte
1767 605 1935 676 visisunt
1958 605 2077 676 timidi
2096 619 2133 676 ct
2152 613 2335 686 servitutis

393 707 538 776 'l'ertins
571 707 734 798 trigonus
768 707 1033 790 Geminorum,
1084 707 1216 778 Librae
1252 719 1287 776 et
1337 708 1532 800 patientesa
1560 708 1726 778 mulieres
1751 731 1837 776 vero
1862 719 2011 799 propter
2026 707 2153 780 Lunae
2169 729 2335 786 exortum

288 809 453 904 Aquarii.
504 805 544 878 ln
560 810 665 880 tertio
682 811 899 904 quadrante,
929 811 991 906 qni
1011 824 1065 882 est
1086 814 1130 882 ad
1146 823 1286 902 septen·
1338 824 1373 882 et
1387 813 1582 884 masculum
1601 810 1771 902 positum,
1797 809 1930 894 viriles,
1946 811 2162 902 imperiosae
2177 830 2212 886 et
2224 819 2335 890 bella·

290 913 446 984 trionem
463 937 615 1004 maignae
628 913 752 996 Asiae,
777 926 860 984 saint
874 915 1067 998 Armenia,
1092 913 1285 1008 Hyrcania,
1338 913 1455 998 trices,
1477 927 1516 988 nt
1530 916 1750 996 Amazones,
1776 913 1950 1004 fugientes
1966 913 2129 987 virorum
2145 936 2335 1008 cousuetu-

290 1015 473 1100 Matiana,
499 1015 714 1102 Bactriana,
748 1015 896 1108 Caspia,
927 1017 1067 1100 Serica,
1094 1015 1285 1099 Sarmatia,
1337 1017 1479 1100 dinem,
1505 1017 1615 1088 armis
1630 1018 1844 1106 gaudentes,
1870 1027 1906 1084 et
1926 1017 2146 1090 ab'iulantia
2172 1025 2336 1094 adsuefa-

289 1119 451 1204 Oxiaua,
479 1119 681 1210 Sogdiana,
706 1113 938 1214 spectantque
954 1123 999 1190 ad
1027 1133 1146 1190 ortum
1170 1119 1285 1190 solsti-
1338 1119 1470 1190 cientes
1492 1121 1628 1212 puellas
1649 1121 1694 1186 ad
1717 1119 1831 1188 officia
1858 1119 2007 1210 propria
2031 1147 2136 1194 serus
2163 1127 2335 1214 marium,

290 1223 435 1306 tialem,
475 1222 572 1292 inrta
599 1223 705 1294 situm
736 1223 925 1293 universae
958 1237 1094 1306 terrae,
1134 1235 1169 1292 et
1201 1247 1285 1292 con·
1337 1235 1373 1292 et
1389 1223 1634 1313 praecidentes
1660 1223 1802 1293 dextras
1825 1221 2060 1308 mammillas,
2094 1239 2136 1296 ut
2159 1229 2205 1296 ad
2230 1254 2335 1320 prae·

289 1339 424 1418 gruunt
444 1327 490 1394 ad
514 1325 696 1416 trigonum
720 1337 820 1396 ortus
845 1325 1059 1409 solstitialis,
1100 1325 1285 1408 Geminos,
1336 1325 1498 1396 lioudum
1516 1327 1629 1416 magis
1644 1323 1795 1394 idoneae
1812 1324 1902 1406 siut,
1928 1347 2080 1420 eamque
2103 1343 2242 1421 partem
2267 1357 2334 1406 nn·

288 1427 437 1500 Libram
457 1427 714 1522 etAquarinm.
759 1428 1284 1519 llegunturantemaSatnruo
1337 1429 1483 1512 dautes,
1515 1441 1556 1498 ut
1585 1428 1775 1499 ostendant
1805 1451 1842 1496 se
1872 1449 1949 1496 non
1982 1429 2199 1505 seminarum
2231 1460 2333 1508 ruore

289 1529 444 1616 etlove,
479 1533 598 1624 positu
619 1531 710 1604 Eoo.
771 1531 903 1602 Colunt
927 1531 1036 1622 igitur
1058 1545 1180 1623 gentes
1204 1531 1285 1600 illae
1338 1530 1471 1602 vivere.

288 1633 409 1706 lovem
430 1647 464 1704 et
481 1635 697 1718 Saturnum,
731 1636 1034 1718 etsuutdivites,
1059 1635 1285 1726 splendentes
1438 1631 1542 1726 Syria
1565 1655 1672 1715 vero,
1706 1630 1910 1721 Comagena
1936 1647 1972 1704 et
1996 1633 2225 1729 Cappadocia
2249 1665 2334 1712 con·

289 1763 393 1820 auro,
417 1736 616 1808 etinvictu
632 1738 806 1820 mundae,
834 1751 869 1808 et
883 1739 1080 1830 sapientiae
1095 1761 1283 1829 magorum
1337 1749 1471 1826 gruunt
1487 1759 1568 1806 cum
1587 1733 1737 1826 Scorpio
1756 1745 1791 1802 et
1805 1733 1934 1806 Marte.
1974 1735 2066 1808 Sunt
2078 1740 2190 1830 igitur
2206 1767 2332 1816 earum

288 1841 486 1925 studiosae,
515 1839 647 1924 iustae,
673 1841 856 1924 liberales,
890 1840 1161 1932 magnanimae,
1187 1864 1285 1910 acres
1337 1837 1526 1928 regionum
1549 1833 1733 1918 homines,
1768 1840 1939 1922 audaces,
1971 1839 2151 1931 improbi,
2184 1845 2332 1916 insidia·

288 1943 459 2014 vitiorum
482 1939 621 2028 hostes,
655 1957 816 2014 amantes
839 1957 1095 2036 cognatorum,
1129 1945 1219 2012 adeo
1246 1953 1286 2012 ut
1338 1953 1452 2026 tores,
1477 1939 1661 2012 laboriosi.
1714 1937 1808 2032 Lydi
1824 1965 1930 2024 vero,
1957 1941 2081 2014 Cilices
2095 1957 2132 2014 et
2145 1945 2330 2040 Pamphy·

287 2047 391 2118 facile
408 2071 475 2138 pro
492 2049 543 2116 cis
559 2061 712 2118 mortem
738 2059 931 2138 oppetant,
965 2047 1097 2140 pietate
1121 2057 1184 2116 aut
1208 2045 1283 2136 glo·
1337 2043 1375 2112 lii
1393 2045 1439 2112 ad
1455 2044 1572 2114 Pisces
1589 2055 1624 2112 et
1638 2041 1760 2114 lovem
1778 2043 1971 2134 pertinent.
2008 2045 2101 2116 Sunt
2114 2047 2224 2138 igitur
2237 2051 2329 2120 divi·

289 2149 342 2220 ria
360 2149 469 2233 moti,
497 2162 631 2234 castae,
661 2151 817 2236 nitidae,
849 2150 887 2220 in
910 2149 1040 2222 vestitu
1064 2149 1285 2242 splendidae,
1338 2159 1411 2230 tes,
1445 2147 1629 2229 liberales,
1662 2146 1923 2238 negotiatores,
1963 2163 2126 2222 amantes
2156 2151 2331 2224 libertatis

288 2253 467 2324 beneficae
486 2266 521 2324 et
537 2255 693 2324 excelsae
712 2253 861 2338 animis,
887 2279 979 2347 quae
998 2253 1211 2348 plerumque
1237 2251 1286 2320 el·
1338 2263 1373 2319 et
1391 2251 1429 2320 in
1447 2249 1689 2320 contractibus
1704 2273 1780 2318 uon
1798 2251 1947 2322 morosi.

288 2355 361 2428 bcit
385 2355 581 2428 matutinus
604 2357 740 2450 positus
758 2357 906 2427 Saturni
932 2369 967 2426 et
989 2353 1095 2426 lovis.
1155 2355 1208 2424 Er
1230 2349 1285 2424 his
1439 2353 1648 2424 Postremus
1679 2355 1861 2448 quadrans
1892 2367 1945 2426 est
1967 2352 2125 2448 Libyae,
2163 2367 2204 2426 ut
2236 2380 2334 2426 com-

288 2472 407 2530 antem
425 2459 602 2552 llyrcani,
631 2459 798 2530 Armenii
825 2471 862 2530 et
884 2459 1038 2528 Matiani
1059 2457 1174 2550 magis
1196 2458 1286 2528 rele·
1338 2455 1440 2526 muni
1464 2457 1611 2528 nonrine
1638 2456 1858 2548 appellatur,
1901 2459 2089 2530 continens
2110 2456 2335 2544 Numidiam,

288 2575 374 2634 runt
389 2575 557 2632 staturam
577 2563 816 2634 Gessiinorum
834 2576 871 2632 et
885 2561 1074 2632 Mercurii:
1103 2585 1215 2656 quare
1232 2561 1286 2628 iu·
1338 2554 1612 2652 Carthaginem,
1636 2559 1814 2642 Africam,
1839 2556 2083 2654 Pbyzaniam,
2117 2561 2334 2632 Nasamoni-

288 2665 391 2758 genia
415 2661 548 2736 habeut
572 2667 764 2736 mobiliora
790 2679 825 2736 et
850 2665 970 2736 minus
992 2667 1159 2736 candida.
1215 2663 1285 2734 Ba·
1338 2662 1466 2747 ticam,
1498 2665 1756 2746 Garamantes,
1788 2663 1958 2749 Mauros,
1990 2663 2184 2748 Gaetsdos,
2218 2665 2334 2736 llleta-

287 2769 467 2852 ctriauae,
506 2769 658 2860 Caspiae
685 2782 720 2838 et
739 2769 881 2840 Sericas
911 2781 1034 2861 gentes
1061 2793 1081 2838 a
1112 2766 1221 2838 Libra
1251 2779 1285 2836 et
1337 2761 1516 2858 gonithas.
1572 2766 1688 2839 Huius
1704 2766 1915 2863 quadrantis
1929 2769 2018 2840 sitos
2037 2777 2091 2838 est
2107 2768 2154 2838 ad
2168 2792 2336 2842 occasum

286 2871 428 2942 Venere
445 2883 634 2964 reguntur:
660 2885 744 2943 suut
760 2873 869 2964 igitur
884 2867 1031 2958 divites,
1065 2885 1101 2942 et
1122 2884 1285 2942 amantes
1337 2871 1556 2955 brumalem,
1583 2885 1620 2941 et
1633 2873 1742 2942 relect
1755 2883 1923 2942 naturam
1940 2871 2074 2963 trigoni
2089 2893 2233 2947 occasus
2248 2874 2337 2944 bru·

286 2975 444 3048 musicae
477 2989 513 3046 et
543 2960 767 3048 deliciarum.
835 2976 1045 3061 Sarmatae,
1086 2975 1220 3046 Oriani
1251 2988 1286 3044 et
1337 2974 1463 3059 malis,
1488 2975 1620 3046 scilicet
1636 2975 1784 3058 Cancri,
1809 2974 1950 3067 Scorpii
1964 2989 2001 3046 et
2015 2973 2192 3059 Piscium,
2218 2971 2337 3069 ct'gu·

286 3077 458 3170 Sogdiani
481 3080 682 3172 Aquarium
705 3093 740 3150 et
763 3080 959 3153 Saturnum
983 3081 1161 3152 referunt:
1202 3092 1286 3151 suut
1337 3079 1509 3150 bernatnr
1540 3079 1702 3150 aMarte
1734 3091 1769 3148 et
1793 3077 1933 3150 Venere
1964 3079 2087 3172 positu
2115 3081 2338 3173 vespertino.

285 3181 395 3276 igitur
409 3177 475 3252 hae
493 3195 614 3273 gentes
631 3178 851 3256 horridiores
865 3185 990 3276 magis,
1018 3185 1165 3254 tetricae
1179 3196 1215 3252 et
1231 3184 1285 3254 in·
1338 3181 1460 3275 Quare
1481 3207 1586 3276 saepe
1606 3183 1645 3252 iu
1668 3183 1738 3254 illis
1759 3181 1987 3274 regionibus,
2018 3195 2166 3275 propter
2185 3184 2337 3256 illorum

285 3286 413 3358 cultae.
467 3285 637 3356 Caeterae
654 3287 691 3356 in
709 3283 776 3358 hoc
793 3291 1016 3384 quadrante,
1043 3313 1135 3383 quae
1150 3289 1196 3356 ad
1211 3312 1284 3356 me·
1337 3287 1493 3356 siderum
1510 3287 1796 3378 copulationem,
1816 3286 1925 3356 simul
1940 3289 2013 3358 duo
2030 3311 2179 3380 reguum
2198 3301 2340 3375 tenent,

285 3389 385 3458 dium
403 3389 560 3460 universi
576 3389 673 3460 orbis
687 3394 873 3474 accedunt,
899 3387 1091 3484 Bithynia,
1115 3385 1285 3484 Phrygia,
1338 3389 1393 3459 vir
1410 3402 1444 3459 et
1459 3391 1607 3473 medier,
1637 3403 1699 3460 aut
1715 3393 1825 3460 irater
1843 3403 1878 3460 ct
1893 3415 2014 3461 soror:
2042 3405 2083 3462 ut
2099 3391 2154 3458 vir
2173 3393 2340 3466 maribus

286 3489 473 3573 Colchica,
500 3491 618 3585 Syria,
644 3491 862 3586 Comagene,
889 3494 1130 3586 Cappadocia,
1156 3492 1285 3586 Lydia,
1336 3505 1372 3562 et
1398 3494 1528 3564 mulier
1554 3494 1764 3566 mulieribus
1788 3493 1958 3584 imperet,
1998 3506 2035 3562 et
2061 3487 2224 3564 idem'in
2254 3523 2339 3568 suc·

286 3595 430 3679 Cilicia,
465 3591 698 3688 Parnpliylia,
726 3607 928 3689 spectantes
951 3621 1115 3668 occasum
1140 3598 1285 3666 bruma·
1337 3597 1555 3670 cessionibus
1578 3611 1751 3670 servetur.
1810 3597 1902 3666 Sunt
1930 3609 2050 3668 autem
2080 3597 2182 3666 valde
2214 3600 2341 3685 calidi,

284 3699 376 3782 lena,
403 3711 589 3770 assnnnmt
610 3713 777 3770 araturam
795 3701 963 3792 trianguli
982 3725 1125 3771 occasus
1140 3701 1284 3769 bruma·
1338 3715 1372 3770 et
1386 3703 1493 3792 proni
1510 3705 1555 3772 ad
1572 3701 1762 3772 mulierum
1785 3700 2035 3783 concubitum,
2062 3713 2224 3792 raptores
2247 3728 2340 3774 con-

284 3801 341 3884 lis,
367 3801 511 3884 Cancri,
537 3803 677 3895 Scorpii
693 3817 726 3872 et
737 3805 911 3886 Piscinam
940 3819 974 3875 et
989 3805 1095 3874 simul
1113 3819 1285 3895 reguntur
1337 3806 1480 3896 iugum,
1510 3821 1544 3876 et
1558 3808 1596 3874 iu
1614 3805 1735 3876 multis
1752 3805 1839 3874 locis
1856 3828 1957 3896 reges
1981 3804 2137 3895 primum
2163 3829 2341 3877 concum-

285 3905 459 3989 aMarte,
497 3905 634 3976 Venere
660 3919 694 3976 et
709 3908 902 3978 Mercurio.
966 3909 1088 4001 Quare
1105 3904 1281 3979 ethaeum
1336 3911 1527 3978 buntcnm
1553 3913 1657 3980 novis
1680 3909 1818 4001 nuptisr
1861 3907 1992 3978 alicubi
2015 3931 2225 3978 communes
2246 3926 2342 3980 sunt

285 4009 474 4099 regionum
503 4005 667 4080 homines
694 4013 766 4080 lere
796 4011 927 4108 ubique
951 4015 1074 4082 colnut
1094 4010 1284 4096 Venerem,
1337 4013 1531 4082 multorum
1554 4013 1743 4104 coniuges,
1777 4027 1812 4082 et
1833 4011 1903 4080 viri
1925 4010 2136 4080 muliebrem
2162 4027 2341 4084 ornatum

286 4137 380 4206 quae
397 4113 481 4204 ipsis
498 4125 679 4184 estmater
692 4113 874 4198 Deorum,
908 4118 1004 4210 apud
1022 4115 1112 4185 alios
1126 4117 1204 4188 aliis
1222 4141 1284 4208 ap-
1336 4131 1478 4200 amant,
1515 4118 1598 4210 qnia
1621 4115 1743 4187 Venus
1770 4117 1821 4187 eis
1846 4127 2003 4204 praeese
2035 4116 2189 4184 audaces
2209 4127 2343 4186 tamen

285 4215 416 4308 pellata
435 4216 660 4296 nonnoibus3
695 4218 922 4302 etMnrtem,
956 4220 1013 4288 cui
1037 4219 1199 4288 tribuunt
1219 4247 1283 4288 no·
1335 4233 1439 4302 sunt,
1474 4222 1576 4288 etad
1600 4220 1775 4288 malitiam
1800 4219 1929 4300 astuti,
1961 4218 2077 4308 anargi,
2103 4218 2342 4308 impostores,

285 4343 370 4388 men
385 4319 591 4404 Adonidos,
620 4333 683 4390 aut
705 4321 812 4390 etiam
837 4322 926 4392 alias
948 4323 1226 4415 appellationes,
1249 4337 1285 4392 et
1337 4323 1538 4406 temerarii,
1574 4335 1842 4392 constamnentes
1865 4319 2026 4412 pericula
2057 4335 2207 4412 propter
2232 4321 2342 4392 Mar·

285 4421 450 4512 lugubria
483 4423 534 4492 eis
565 4447 664 4493 sarra
701 4425 848 4495 iaciunt.
908 4425 1000 4494 Sunt
1029 4439 1146 4496 autern
1179 4428 1283 4496 valde
1336 4439 1420 4496 tem.
1486 4427 1538 4494 Ac
1561 4425 1759 4510 Nannidae,
1794 4419 1996 4514 Carthago,
2035 4425 2176 4507 Africa,
2216 4430 2343 4518 magis

285 4525 409 4618 pravi,
436 4521 599 4608 serviles,
626 4527 814 4610 laboriosi,
840 4529 960 4620 cupidi
975 4531 1148 4614 nocendi,
1173 4531 1284 4598 dediti
1335 4527 1528 4599 familiares
1551 4544 1635 4600 susat
1657 4529 1796 4598 Cancro
1817 4543 1852 4598 et
1877 4526 2014 4598 Lunae.
2074 4525 2158 4596 ldeo
2182 4551 2367 4624 consue-¹

285 4627 530 4696 mercenariae
556 4629 723 4713 militiae,
757 4635 908 4722 praedas
930 4644 966 4700 et
988 4635 1128 4725 captiva
1149 4633 1283 4701 manci·
1337 4635 1424 4702 todo
1440 4631 1535 4700 vitae
1554 4657 1678 4702 eornm
1697 4635 1810 4722 magis
1828 4632 1941 4701 civilis
1957 4643 2028 4712 est,
2063 4631 2278 4700 etolbciosa
2303 4636 2343 4702 in

285 4729 344 4822 pia
365 4731 599 4812 abducentess
627 4749 793 4803 exercent
817 4747 852 4802 et
873 4735 967 4804 inter
984 4759 1061 4806 sese
1082 4736 1283 4819 latrocinia,
1336 4736 1661 4806 communicatione
1679 4749 1715 4805 et
1728 4732 2054 4828 negotiationibus,
2081 4747 2117 4804 et
2134 4736 2278 4823 degunt
2303 4737 2346 4808 in

285 4845 321 4902 et
336 4833 397 4902 alii
412 4833 503 4904 alios
518 4833 555 4904 in
570 4835 775 4906 servitutem
801 4837 988 4928 redigunt,
1021 4851 1171 4930 propter
1187 4839 1284 4907 Mar·
1334 4863 1464 4931 magna
1490 4861 1610 4908 rerum
1634 4839 1840 4910 adlloeutia.
1898 4836 2162 4927 Metagonitae,
2192 4837 2347 4910 Masuri·

285 4935 331 5006 tis
347 4949 383 5006 et
397 4935 547 5008 Veneris
564 4939 778 5008 matutinum
799 4965 1025 5011 concursum.
1077 4941 1171 5032 Quia
1196 4967 1282 5010 vero
1336 4944 1429 5026 tani,
1457 4943 1576 5014 Getnli
1599 4944 1759 5012 referunt
1781 4957 1947 5012 naturam
1964 4940 2105 5032 Scorpii
2130 4956 2166 5010 rt
2184 4939 2347 5026 Martiss

285 5037 385 5110 Mars
409 5039 447 5108 iu
469 5040 649 5130 triangulo
668 5039 819 5113 Veneris
842 5043 878 5110 in
903 5043 1126 5135 Capricorno
1151 5045 1283 5112 exalta·
1335 5045 1416 5114 ideo
1437 5046 1552 5135 magis
1573 5047 1671 5116 loedi
1690 5059 1792 5130 sunt,
1819 5043 2070 5126 etcarnivori,
2097 5057 2346 5118 contemnen-

284 5141 420 5212 tionem
440 5137 548 5212 habet
564 5157 599 5213 et
612 5143 734 5216 Venus
750 5146 796 5230 ¹in
813 5145 941 5216 Martis
965 5145 1145 5238 triangulo
1171 5145 1209 5214 in
1223 5147 1283 5216 Pi·
1335 5161 1385 5218 tes
1406 5148 1649 5240 periculorum
1675 5163 1711 5220 et
1734 5149 1846 5234 vitae,
1879 5161 1914 5217 et
1937 5146 2142 5218 domesticis
2165 5147 2274 5220 bellis
2302 5175 2347 5222 se

282 5243 416 5318 stibus:
451 5245 533 5318 ideo
550 5247 716 5318 mulieres
732 5249 771 5318 in
787 5249 829 5319 iis
844 5248 932 5318 locis
947 5247 1053 5318 valde
1065 5261 1191 5318 amant
1207 5273 1283 5318 ms·
1334 5264 1461 5322 mutuo
1476 5255 1675 5342 perdentes.

283 5347 373 5418 ritos
395 5371 479 5420 suos
503 5364 541 5420 et
562 5349 716 5436 liberos,
758 5363 793 5420 et
823 5363 909 5421 sum
928 5351 1021 5420 lidae
1043 5353 1208 5424 custodes
1228 5353 1284 5422 rei
1436 5349 1643 5448 Pbyraoia,
1681 5355 1940 5426 Nasamonitse
1961 5369 1998 5428 et
2019 5357 2263 5428 Garamantes
2292 5357 2348 5426 ad

283 5451 520 5538 domesticae,
566 5453 789 5538 laboriosae,
833 5451 1033 5540 officiosae,
1071 5455 1217 5526 sedulae
1247 5467 1284 5526 et
1306 5454 1311 5494 ¹
1332 5453 1452 5530 Pisces
1466 5471 1503 5528 et
1517 5455 1639 5528 lovem
1656 5457 1855 5552 pertinente
1886 5457 1970 5532 ideo
1990 5473 2077 5532 serrat
2094 5457 2220 5541 liberi,
2244 5459 2350 5528 sim-
