4844 6122
240 225 295 314 ta‘
829 233 956 315 PlllL.
987 233 1103 315 MEla.
1136 235 1342 314 scalam
1379 233 1722 316 amoenetur.
2258 246 2309 320 20

240 436 360 508 posse.
409 407 518 484 Nunc
531 421 618 479 vero
634 409 817 496 remedia,
845 437 937 507 quae
953 425 1107 484 naturae
1123 414 1251 486 ordine
1303 428 1427 484 tamen
1457 414 1578 486 minus
1607 413 1769 486 calefacit
1798 440 1906 511 quam
1930 411 2082 510 Iupiter,
2127 429 2163 486 et
2193 418 2308 510 magis

245 513 447 588 contrarias
473 513 679 586 effectiones
701 510 859 597 habent,
893 519 1052 588 secundo
1081 517 1147 587 lati
1173 519 1255 588 loco
1303 513 1507 602 humectat,
1539 519 1631 590 sicut
1652 517 1829 605 etLuna,
1854 533 2005 614 propter
2020 521 2307 612 magnitudinem

243 631 442 714 ponentes,
475 617 784 710 praedictionibus
806 620 851 688 ad
872 645 979 692 usum
1004 621 1166 691 omnium
1193 623 1256 690 ad·
1304 621 1469 716 corporis
1484 621 1560 706 sui,
1586 619 1769 694 attrahens
1785 619 1956 696 humidos
1979 649 2132 718 vapores
2156 649 2199 696 ex
2220 624 2308 696 locis

244 724 459 794 iunxerunt:
487 745 643 816 quorum
662 722 867 792 doctrinam
884 737 1016 794 vocant
1031 724 1256 794 coniunctio·
1305 733 1423 795 terrae
1438 724 1579 797 vicinis.

244 851 329 898 nem
347 825 547 894 medicinae
563 837 599 894 et
614 821 910 912 mathematicae,
943 840 985 897 nt
1008 851 1051 896 ex
1073 840 1254 900 astrorum
1409 827 1581 900 Mercurii
1605 829 1705 900 stella
1727 830 1803 900 fere
1825 853 1950 923 parem
1974 831 2047 902 vim
2074 829 2202 916 habet,
2244 831 2310 901 ali-

246 928 868 1023 contemplationetemperamenta,
891 941 927 1001 et
940 933 1081 1002 futuros
1095 943 1256 1016 eventus,
1307 932 1453 1026 quando
1478 932 1517 1000 in
1537 933 1749 1004 desiccando
1773 947 1808 1003 ct
1829 935 2062 1005 absorbendis
2083 931 2310 1006 humiditati-

246 1047 284 1105 et
304 1032 472 1126 proprias
497 1055 623 1102 eorum
648 1057 772 1105 causas
793 1033 1006 1106 iudicarent.
1042 1031 1152 1128 (Nam
1177 1035 1255 1106 siue
1306 1037 1394 1120 bus,
1421 1034 1505 1129 quia
1521 1060 1709 1132 nunquam
1728 1060 1748 1105 a
1766 1037 1849 1106 Sole
1863 1038 1991 1129 procul
2006 1039 2160 1120 recedit,
2183 1063 2310 1108 secuu-

246 1133 379 1208 borum
410 1135 616 1228 cognitione
648 1161 754 1229 saepe
784 1137 892 1208 etiam
922 1139 1081 1208 remedia
1112 1139 1256 1222 fallunt,
1308 1139 1395 1210 dum
1411 1139 1695 1230 longitudinem
1728 1139 2026 1236 aliquandovero
2044 1140 2082 1208 in
2098 1137 2310 1209 humectan-

248 1265 330 1312 cum
362 1263 438 1310 non
464 1240 634 1312 omnibus
663 1241 878 1332 corporibus
905 1255 941 1311 et
965 1241 1102 1313 morbis
1128 1243 1254 1312 eadem

249 1343 481 1438 congruant.)
535 1343 584 1414 At
608 1367 651 1413 ex
672 1344 811 1414 medica
839 1355 916 1414 arte
939 1345 1145 1417 aversiones
1160 1347 1256 1415 sutu-

247 1471 376 1520 rorum
395 1447 611 1516 morborum
636 1459 672 1516 ct
692 1446 851 1518 remedia
872 1449 1115 1540 praesentium
1139 1472 1256 1520 sume-

249 1564 353 1637 rent,
378 1575 454 1620 nou
470 1549 653 1633 fallentia,
679 1563 856 1646 quantum
876 1551 954 1620 beri
972 1564 1110 1644 potest,
1137 1577 1180 1622 ex
1200 1551 1257 1636 iis,

251 1681 346 1752 quae
363 1652 513 1746 singulis
529 1667 734 1745 congruunt
748 1667 811 1725 aut
825 1655 1075 1726 adversantur.

354 1758 453 1828 Haec
469 1757 629 1826 breviter
645 1751 819 1828 hactenus
841 1758 934 1827 dicta
955 1770 1057 1837 sunt;
1090 1755 1257 1848 deinceps

251 1887 340 1933 vero
358 1873 549 1955 praecepta
566 1862 772 1946 trademus,
798 1861 892 1930 utin
910 1862 1072 1930 docendo
1096 1859 1175 1930 beri
1200 1883 1258 1930 so-

250 1967 322 2050 let,
350 1966 568 2036 ordientesa
590 1963 795 2034 coelestium
821 1964 993 2058 qualitate
1014 1965 1111 2034 iuxta
1137 1964 1258 2032 obser·

252 2069 419 2140 vationes
435 2080 621 2151 veterum,
648 2069 695 2136 ad
712 2061 897 2161 physicam
920 2068 1102 2138 rationem
1128 2089 1258 2136 conve-

252 2174 405 2244 nientes.
457 2172 511 2242 Ac
538 2170 698 2262 primum
724 2171 769 2240 de
792 2171 977 2242 stellarum
1002 2167 1201 2240 errantium
1223 2179 1259 2236 et

252 2277 348 2350 Solis
363 2290 399 2346 et
414 2273 542 2345 Lunae
558 2285 735 2366 potestate
754 2274 925 2345 dicemus.

420 2451 477 2520 De
499 2447 678 2518 stellarem
702 2448 896 2518 errantium
916 2452 1097 2534 potencie.

358 2583 529 2668 Constat,
563 2583 685 2654 Solem
709 2580 782 2649 vim
807 2575 941 2649 habere
967 2579 1198 2650 calefaciendi
1224 2591 1260 2649 et

251 2691 441 2762 moderate
455 2685 678 2758 desiccandi:
700 2707 791 2780 quae
809 2683 1012 2755 effectiones
1026 2684 1165 2755 facilius
1178 2707 1259 2775 per-

253 2793 438 2888 cipiuntur
451 2803 603 2883 propter
621 2788 698 2860 eius
712 2787 1021 2879 magnitudinem,
1056 2799 1091 2857 et
1114 2788 1259 2858 eviden-

252 2911 306 2968 tes
322 2895 542 2966 mutationes
557 2893 596 2962 in
619 2892 708 2962 anui
729 2889 878 2963 vicibus.
938 2889 1023 2986 Quo
1049 2891 1144 2962 enim
1173 2917 1259 2985 pro-

251 3000 335 3095 pius
349 3001 396 3070 ad
413 2997 583 3068 verticem
600 3009 765 3067 nostrum
791 2995 949 3080 accedit,
981 3019 1025 3065 eo
1045 2995 1162 3086 magis
1185 2997 1259 3066 effl-

252 3105 303 3175 cit
325 3103 483 3172 calorem
506 3113 542 3172 et
562 3101 771 3174 siccitatem.
837 3097 942 3170 Luna
968 3123 1055 3168 vero
1079 3099 1260 3170 antecellit

251 3201 517 3291 humectando,
543 3205 628 3301 quia
645 3217 764 3274 terrae
784 3201 950 3296 proxima
976 3215 1048 3288 est,
1082 3215 1118 3272 et
1139 3201 1257 3272 vicina

251 3309 412 3401 humidis
437 3311 645 3404 vaporibus.
709 3307 899 3378 Manifeste
914 3305 1031 3397 -igitur
1052 3302 1124 3376 hoc
1146 3307 1257 3378 modo

253 3429 290 3490 et
310 3437 465 3511 corpora
490 3413 630 3497 adlicit,
669 3410 795 3480 mollia
826 3409 965 3494 reddit,
1005 3421 1040 3479 et
1067 3410 1260 3502 putrefacit

252 3521 488 3618 plerumquc;
516 3515 780 3611 aliquantulum
799 3537 887 3583 vero
912 3523 948 3582 et
969 3513 1149 3599 calefacit,
1175 3539 1260 3606 pru-

252 3639 376 3720 pterea
394 3623 492 3718 quod
508 3645 529 3690 a
545 3620 627 3692 Sole
644 3619 768 3689 lumen
784 3617 924 3710 accipit.
986 3615 1164 3688 Saturnus
1183 3641 1262 3686 ma·

254 3730 308 3823 gis
324 3726 523 3819 frigefacit,
546 3737 582 3795 et
598 3721 863 3818 aliquantulum
879 3719 1051 3804 desiccat,
1079 3720 1163 3814 quia
1181 3722 1260 3791 lon·

254 3832 417 3926 pissime,
443 3843 485 3901 ut
497 3827 659 3912 videtur,
687 3827 842 3896 acalore
860 3824 954 3895 Solis
975 3835 1011 3894 ct
1034 3825 1080 3894 ab
1102 3819 1260 3897 humidis

254 3933 452 4029 vaporibus
475 3934 595 4003 distat.
661 3929 852 4001 Caeterum
875 3928 1022 3998 Saturni
1047 3939 1083 3998 et
1106 3929 1258 4001 aliarum

254 4041 439 4112 stellarum
468 4037 563 4107 vires
592 4034 862 4105 constituuntur
892 4057 960 4126 pro
988 4029 1163 4103 varietate
1199 4035 1262 4104 ad-

255 4143 442 4237 spectuum
464 4139 558 4211 Solis
575 4151 608 4208 et
627 4137 766 4209 Lunae.
818 4136 913 4209 Nam
931 4137 1127 4208 secundum
1145 4137 1260 4230 magis

256 4259 293 4318 et
308 4246 450 4328 minus,
478 4239 611 4314 borum
637 4243 824 4334 adspectus
850 4240 943 4311 aeris
966 4239 1259 4312 constitutionem

256 4350 413 4420 variant.
446 4347 554 4417 Stella
570 4343 664 4416 lovis
680 4357 902 4437 temperatae
917 4357 1069 4415 naturae
1088 4360 1151 4429 est,
1178 4371 1258 4416 cum

256 4453 376 4524 media
403 4453 541 4521 feratur
572 4451 666 4520 inter
686 4450 881 4520 Saturnum
912 4448 1195 4541 frigefacientcm
1226 4437 1271 4519 et'

256 4557 414 4628 Martem
431 4567 608 4626 urentem.
661 4551 833 4623 Calefacit
856 4565 975 4621 autem
1000 4563 1036 4621 et
1058 4547 1260 4632 humectat;

257 4663 320 4733 sed
342 4659 427 4754 quia
452 4656 682 4728 calefaciendi
706 4656 760 4726 vis
785 4655 983 4740 antecellit,
1023 4655 1192 4725 loecundi
1216 4655 1260 4723 ab

258 4789 302 4836 eo
319 4761 417 4834 venti
431 4763 642 4832 excitantur.

361 4864 403 4936 ln
436 4865 535 4938 stella
572 4863 700 4934 Martis
733 4861 913 4930 antecellit
951 4857 1004 4930 vis
1038 4854 1261 4935 desiccandi;

258 4970 502 5042 simulantem
516 4968 608 5052 urit,
640 4967 731 5037 sicut
755 4963 922 5058 congruit
940 4962 1048 5052 igneo
1066 4959 1178 5050 ipsius
1202 4983 1262 5026 co-

258 5075 348 5157 lori,
377 5085 413 5142 et
429 5074 521 5144 Solis
537 5071 734 5154 vicinitati,
770 5091 850 5138 cum
866 5064 1029 5157 proxime
1047 5063 1079 5131 ei
1093 5061 1186 5132 Solis
1203 5085 1261 5130 or·

258 5179 313 5248 bis
329 5175 506 5248 subiectus
524 5176 582 5247 sit.

363 5283 470 5352 Stella
492 5277 664 5358 Veneris,
704 5273 803 5367 quod
828 5269 874 5337 ad
897 5277 1133 5356 temperatam
1155 5275 1261 5335 natu-

259 5407 339 5454 ram
364 5385 511 5468 attinet,
551 5379 678 5452 similis
701 5387 753 5445 est
773 5371 888 5455 lovis,
924 5370 985 5438 sed
1007 5391 1178 5438 converso
1201 5389 1260 5436 or-

261 5488 358 5560 dine.
418 5485 498 5558 Etsi
520 5485 616 5554 enim
641 5477 821 5562 calefacit,
854 5472 937 5568 quia
955 5470 1031 5542 Soli
1045 5470 1170 5541 ¹vicina
1196 5481 1261 5556 cst,

1307 1243 1376 1326 do,
1403 1242 1487 1336 quia
1504 1242 1641 1315 vicinus
1660 1255 1712 1315 est
1726 1240 1871 1325 Lunae,
1904 1267 1995 1336 quae
2009 1255 2125 1311 terrae
2142 1241 2310 1334 proxima

1308 1357 1371 1416 est.
1423 1344 1568 1418 Subitas
1589 1361 1708 1416 autem
1732 1345 1950 1416 mutationes
1976 1345 2084 1415 elficit
2109 1343 2147 1412 in
2170 1356 2311 1413 utram-

1309 1471 1378 1542 que
1394 1461 1555 1540 partem,
1581 1449 1751 1520 incitatus
1768 1449 1949 1518 celeritate
1965 1471 2051 1532 sua,
2077 1470 2147 1540 qua
2163 1441 2311 1514 vehitur

1309 1551 1400 1620 circa
1418 1550 1550 1622 Solem.
1816 1604 1819 1619 ‚

1411 1651 1509 1723 llaec
1525 1679 1606 1724 cum
1631 1653 1679 1722 ita
1704 1679 1741 1725 se
1765 1649 1941 1737 habeant,
1974 1673 2126 1745 cumque
2152 1661 2314 1744 quatuor

1309 1755 1382 1828 sint
1394 1751 1585 1842 humores,
1610 1759 1683 1827 dno
1699 1756 1866 1826 foecundi
1883 1769 1918 1825 et
1932 1753 2082 1838 vivifici,
2114 1752 2249 1821 calidus
2275 1762 2314 1819 et

1310 1853 1499 1941 humidus;
1526 1885 1590 1953 per
1608 1856 1675 1930 hos
1699 1861 1794 1930 enim
1820 1860 1942 1928 omnia
1968 1857 2170 1927 coalescunt
2194 1867 2229 1923 et
2248 1877 2314 1922 ro-

1309 1964 1499 2034 borantur.
1550 1961 1708 2033 Econtra
1722 1987 1810 2032 vero
1826 1965 1899 2032 duo
1914 1962 1986 2034 sint
2010 1959 2169 2030 exitiales
2194 1969 2230 2026 et
2248 1957 2314 2026 de-

1310 2065 1534 2149 trimentosi,
1574 2064 1726 2158 frigidus
1749 2079 1785 2135 et
1804 2065 1935 2150 siccus,
1974 2087 2039 2156 per
2067 2086 2158 2156 quos
2184 2059 2307 2129 omnia

1310 2169 1531 2262 dissipantur
1563 2183 1599 2239 et
1628 2169 1908 2249 interficiuntur;
1955 2165 2105 2236 tradidit
2139 2175 2313 2250 vetustas,

1310 2273 1487 2344 beneficas
1501 2297 1576 2344 esse
1590 2275 1678 2344 duas
1693 2275 1832 2358 stellas,
1858 2269 1979 2342 lovem
1996 2283 2031 2340 et
2044 2269 2241 2346 Venerem;
2275 2281 2317 2338 et

1312 2389 1456 2468 praeter
1472 2371 1549 2461 has,
1573 2375 1729 2462 Lunam,
1755 2390 1905 2470 propter
1921 2383 2317 2467 temperatasnaturas,

1312 2479 1396 2574 quia
1413 2480 1611 2550 exuberant
1625 2482 1664 2550 in
1681 2481 1731 2551 eis
1746 2481 1844 2550 calor
1862 2491 1897 2549 et
1910 2473 2053 2549 humor.
2112 2474 2316 2545 Saturnum

1311 2609 1398 2654 vero
1413 2595 1449 2654 et
1462 2583 1616 2654 Martem
1645 2572 1874 2655 tradiderunt
1902 2607 1976 2653 esse
1998 2579 2198 2664 maleficos,
2225 2579 2317 2674 quia

1311 2685 1385 2756 vim
1403 2688 1624 2758 contrariam
1640 2683 1794 2772 habent,
1826 2689 1916 2757 alter
1927 2683 2191 2777 frigefaciendi,
2219 2683 2318 2754 alter

1311 2791 1525 2862 desiccandi.
1592 2791 1712 2862 Solem
1744 2815 1832 2861 vcro
1858 2805 1894 2861 et
1917 2787 2138 2860 Mercurium
2160 2799 2316 2880 propter

1312 2919 1540 2968 communem
1556 2907 1724 2966 naturam
1744 2895 1887 2966 effectus
1901 2893 1940 2962 in
1955 2905 2147 2986 utramque
2169 2903 2316 2984 partem

1311 2995 1462 3084 habere,
1504 3012 1539 3090 eut
1569 3001 1842 3068 accommodare
1865 3021 1966 3070 suam
1992 3007 2157 3066 naturam
2182 2993 2227 3062 ad
2250 3015 2313 3063 eas

1311 3104 1448 3188 stellas,
1472 3127 1551 3174 cum
1571 3103 1701 3198 quibus
1714 3115 1819 3188 sunt,
1846 3115 2021 3198 tanquam
2037 3097 2186 3170 medios.

1480 3261 1537 3331 De
1558 3259 1759 3330 mouente
1782 3268 1816 3330 et
1836 3256 1998 3348 femineis
2018 3255 2137 3327 stellis.

1413 3393 1554 3466 Rursus
1577 3417 1657 3465 cum
1680 3395 1753 3464 duo
1775 3391 1941 3486 primarii
1963 3415 2067 3462 sexus
2091 3387 2179 3476 siut,
2218 3413 2317 3462 mas-

1313 3497 1452 3569 culinus
1476 3511 1511 3568 et
1531 3499 1727 3583 femineus,
1767 3497 1821 3568 vis
1843 3496 2047 3580 stellarum,
2090 3517 2179 3588 quas
2202 3517 2316 3587 supra

1312 3601 1496 3686 recensui,
1528 3597 1714 3672 humidior
1735 3599 1901 3692 congruit
1923 3601 1967 3668 ad
1990 3599 2183 3668 femineam
2207 3611 2317 3670 natu-

1312 3731 1404 3778 ram.
1447 3705 1541 3778 Nam
1557 3705 1711 3775 feminea
1729 3701 1980 3776 universaliter
1992 3699 2199 3774 humidiora
2218 3715 2319 3789 sunt,

1313 3809 1464 3880 calidior
1491 3833 1578 3879 veru
1616 3809 1782 3900 congruit
1817 3810 1863 3877 ad
1900 3807 2138 3878 masculinum
2177 3830 2318 3880 sexum.

1314 3915 1436 4008 Quare
1451 3913 1708 3984 convenienter
1723 3910 1827 3982 Luna
1851 3923 1887 3981 et
1899 3909 2021 3981 Venus
2044 3911 2214 3979 dicuntur
2237 3933 2316 3982 esse

1312 4019 1490 4088 ienaineae
1504 4017 1647 4101 stellae,
1674 4015 1758 4112 qnia
1777 4011 1973 4085 humiditas
1996 4013 2034 4082 in
2060 4013 2111 4082 cis
2131 4011 2316 4094 abundat;

1313 4123 1376 4193 Sol
1390 4133 1528 4205 autem,
1556 4133 1591 4190 et
1610 4120 1786 4190 Saturnus
1810 4131 1845 4188 et
1859 4115 1994 4211 Iupiter
2015 4113 2050 4187 e't
2065 4117 2185 4201 Mars,
2219 4141 2319 4190 mas·

1313 4225 1395 4296 culi.
1448 4224 1648 4294 Mercurios
1666 4226 1752 4294 vero
1771 4222 1948 4315 particeps
1965 4235 2017 4293 est
2041 4221 2228 4316 utriusque
2248 4245 2319 4290 na-

1314 4343 1436 4414 turae,
1462 4327 1696 4421 compariter
1720 4339 1755 4396 et
1776 4325 1951 4396 siccitates
1975 4337 2010 4395 et
2033 4319 2266 4398 humiditates
2282 4323 2321 4422 ⁸)

1314 4432 1455 4504 efficiat.
2031 4449 2036 4460 ·

1415 4533 1595 4605 Dicuntur
1616 4545 1735 4604 autem
1759 4531 1881 4604 stellae
1905 4545 1941 4602 et
1961 4531 2034 4600 vim
2058 4531 2253 4602 masculam
2282 4546 2325 4605 et

1312 4637 1505 4706 femineam
1521 4638 1679 4730 recipere
1696 4661 1716 4706 a
1731 4637 1872 4729 positu,
1899 4661 2006 4732 quern
2028 4629 2164 4704 habent
2188 4637 2233 4704 ad
2248 4635 2323 4706 So·

1313 4742 1397 4811 lem.
1449 4739 1601 4811 Masculi
1616 4742 1711 4812 enim
1726 4755 1811 4812 sunt
1824 4741 2009 4833 planetae,
2037 4765 2116 4810 cum
2134 4749 2219 4811 sunt
2230 4737 2323 4826 Eoi,

1315 4869 1355 4912 ac
1370 4844 1488 4914 Solem
1508 4849 1740 4924 antecedunt;
1768 4857 1913 4914 econtra
1929 4867 2015 4913 vero
2032 4841 2197 4926 feminei,
2231 4867 2322 4915 cum

1313 4961 1397 5018 sunt
1414 4950 1609 5040 vespertini
1625 4964 1660 5020 et
1676 4962 1863 5044 sequentes
1878 4947 2011 5018 Solem.

1417 5051 1557 5122 Deinde
1587 5065 1621 5122 et
1652 5077 1720 5146 pro
1749 5053 1869 5146 positu
1893 5053 1939 5120 ad
1961 5045 2186 5120 horizontem
2211 5047 2324 5120 diffe-

1313 5167 1410 5225 runt.
1478 5155 1628 5228 Masculi
1651 5171 1755 5240 stant,
1787 5157 1886 5226 velut
1908 5151 2120 5238 orientales,
2160 5153 2197 5222 in
2224 5179 2325 5248 qua-

1313 5258 1441 5326 drante
1458 5259 1502 5327 ab
1519 5273 1601 5331 ortu
1616 5263 1660 5330 ad
1680 5260 1838 5330 medium
1854 5257 1965 5341 coeli,
1989 5267 2025 5326 et
2046 5257 2092 5325 ab
2113 5279 2241 5326 occasu
2269 5263 2323 5331 ad

1316 5381 1589 5490 mma]
1614 5425 1656 5480 sto
1678 5426 1840 5492 scripsimus
1863 5445 1899 5472 =
1921 5425 1994 5476 Ptol.
2018 5421 2064 5490 nir
2087 5419 2175 5490 ὑγρᾶς
2198 5412 2322 5494 etatae,

1382 5499 1433 5552 Ed.
1448 5499 1524 5552 ¹553.
1543 5509 1641 5549 errore
1659 5499 1788 5565 typogr.:
1813 5497 1991 5548 humilitates.
