4748 6108
335 169 409 244 810
916 172 1039 252 PHIL.
1073 181 1185 260 MEL.
1222 185 1424 263 SCRIPTA
1459 191 1796 276 PHILOLOGICA.

389 342 583 440 Quomodo
600 365 621 412 a
637 341 868 436 quadrupede
888 347 983 418 mole

391 451 611 522 Graecorum
626 443 818 538 perierim,

389 551 522 622 Misera
538 549 633 620 bello
648 560 764 640 capta.

389 653 548 748 Quando
564 651 788 746 reliquerunt
805 675 936 746 equum
954 661 1101 736 coelitus

1433 366 1554 461 Opera
1574 369 1744 444 Palladis.

1435 470 1588 544 Flebant
1604 476 1728 546 caedes
1744 476 1789 545 ad
1806 499 1907 564 aras,

1435 575 1482 646 Et
1496 576 1534 644 in
1554 577 1728 648 cubilibus

1435 677 1568 750 Letalis
1586 679 1741 750 solitudo
1758 681 1959 771 puellarum

339 751 416 832 520
440 755 683 837 Frementem,
708 754 825 826 aureis
841 752 1009 849 phaleris,
1035 765 1132 841 intus
1149 771 1333 844 continen-
1384 775 1460 854 565
1485 781 1681 853 Victoriam
1700 784 1882 854 adferebat
1897 786 2060 871 Graecis,
2340 791 2341 880 i

751 869 822 926 tem
842 883 964 948 arma,

389 960 446 1030 Ad
465 972 607 1052 portam
624 959 767 1062 Graeci;

391 1061 613 1134 Exclamavit
627 1085 710 1130 vero
728 1060 882 1152 populus

392 1165 496 1236 Stans
513 1189 533 1234 a
550 1186 639 1254 rupe
654 1163 816 1232 Troade:

390 1265 460 1348 lte,
487 1290 509 1334 ο
526 1265 683 1335 defuncti
698 1264 902 1350 laboribus,

341 1364 416 1444 525
441 1366 519 1436 Hoc
533 1391 675 1438 sacrum
691 1368 855 1438 adducite
869 1369 1125 1448 simulachrum

391 1469 495 1540 lliadi
508 1467 587 1539 lovi
602 1469 741 1561 genitae
758 1469 956 1544 Minervae.

390 1572 481 1666 Quis
494 1594 570 1641 non
586 1572 653 1640 ivit
671 1571 867 1643 iuvenum?

389 1674 479 1767 Quis
494 1695 601 1745 senex
616 1699 690 1744 uon
707 1697 865 1766 egressus
881 1689 932 1748 est
947 1680 1082 1750 domo?

389 1771 589 1848 Exhilarati
605 1788 714 1846 cantu
936 1839 940 1858 ,

342 1873 417 1950 530
442 1877 568 1948 Fallax
583 1873 900 1971 apprehenderunt
913 1883 1061 1954 malum.

655 2042 1012 2150 [Antistro.pde.]

389 2185 526 2256 Totum
539 2205 652 2276 genus
668 2179 853 2278 Phrygum

387 2287 579 2357 Tendebat
592 2287 639 2355 ad
654 2299 778 2379 portas

391 2387 484 2460 Cum
499 2387 636 2460 facibus
648 2388 783 2480 pineis,

389 2491 528 2562 Polites
544 2490 693 2563 insidiae
705 2491 923 2583 Argivorum

1387 909 1389 916 ·
1433 885 1602 958 Troianis
1620 911 1704 956 vero
1723 887 1871 958 luctum.

1428 1015 1636 1116 [Udorum
1669 1023 1857 1114 Hecuba,
1881 1025 2187 1112 Andromache,
2213 1031 2291 1099 Tol-

1771 1121 1987 1224 idithim]

1435 1238 1587 1336 Gdor.⁸⁸)
1613 1238 1721 1312 Vides
1734 1235 1827 1310 hane
1841 1241 2119 1316 Andromachen

1323 1351 1325 1356 ’
1433 1339 1474 1410 ln
1490 1341 1679 1435 peregrino
1694 1337 1866 1414 vvehiculo
1884 1341 1992 1416 vehi?
2047 1407 2050 1418 .

1433 1443 1534 1516 quta
1550 1458 1690 1516 motum
1707 1447 1858 1516 uberum
1877 1450 2039 1543 sequitur

1384 1544 1460 1620 570
1487 1543 1626 1618 Charus
1638 1549 1841 1642 Astyanax,
1868 1549 2031 1623 Hectoris
2048 1551 2184 1624 filiolus.

1433 1654 1514 1721 Her.
1541 1650 1624 1743 Quo
1641 1645 1781 1722 veheris
1797 1651 1836 1720 in
1859 1666 1958 1746 tergo
1975 1649 2148 1738 vehiculi,

1433 1749 1556 1822 lnfelir
1573 1753 1721 1838 mulier,
1748 1769 1865 1826 custos

1433 1857 1629 1928 Armorum
1645 1855 1827 1942 Hectoris,
1854 1871 1889 1930 et
1904 1853 2089 1952 Phrygum
2110 1859 2274 1951 spolioruu

1434 1959 1535 2029 Bello
1552 1974 1761 2054 captorum,

1384 2057 1459 2133 575
1487 2061 1626 2155 Quibus
1642 2057 1803 2157 Pyrrhus

1434 2165 1635 2236 Coronabit
1651 2164 1810 2258 templa?

1434 2273 1543 2340 Andr.
1570 2263 1697 2339 Achivi
1713 2267 1850 2338 domini
1867 2292 1924 2339 me
1941 2269 2137 2342 abducunt.
2184 2275 2251 2342 fler.
2266 2265 2319 2335 lleu

1334 2429 1337 2440 .
1432 2373 1544 2442 Andr.
1570 2371 1668 2464 Quid
1684 2371 1794 2462 gemis
1810 2395 1930 2442 meum
1946 2371 2114 2466 paeana?
2166 2377 2237 2446 Her.
2255 2369 2314 2440 lleu

1434 2477 1545 2543 Andr.
1572 2473 1651 2544 Heu
1673 2473 1827 2566 dolores.
1878 2479 1959 2548 Her.
1983 2474 2065 2546 Heu
2078 2473 2220 2570 Iupiter.

340 2589 418 2666 555
443 2593 490 2666 Et
505 2592 711 2664 Dardaniae
726 2592 825 2665 Deae
843 2595 979 2668 cladem
996 2597 1131 2671 civitati
1149 2603 1310 2691 daturae,
1384 2568 1460 2646 5⁸⁰
1484 2579 1597 2648 Ml·
1624 2577 1704 2646 Heu
1719 2577 1949 2650 0031000083·
2000 2583 2085 2652 Ηθθ·
2112 2577 2233 2672 Ofilii·

390 2695 526 2768 Munus
543 2698 627 2792 equi
640 2697 874 2782 immortalis,
900 2713 934 2770 et
949 2723 1023 2770 non
1038 2701 1149 2774 iuncti
1167 2705 1269 2798 iugo,

389 2797 554 2871 Volutati
571 2799 693 2872 fulcris

390 2901 579 2996 Lapideis‚
605 2903 703 2974 velut
723 2901 825 2973 navis

392 3003 533 3098 Scapha
548 3005 713 3089 fulcitur,
739 3006 913 3088 insedem

342 3104 420 3181 540
445 3109 615 3194 saxeam,
641 3121 677 3179 et
695 3109 734 3178 in
749 3109 866 3182 solum
883 3111 986 3184 letale
1003 3115 1161 3205 patriae,

391 3211 550 3284 Palladis
564 3224 763 3306 posuerunt
774 3211 886 3284 Deae.
934 3289 936 3296 ,

393 3314 463 3386 Sed
481 3316 643 3386 elabere
663 3329 699 3386 et
712 3314 902 3386 festivitate

393 3417 620 3489 Nocturnum
637 3417 883 3509 crepusculum
899 3419 1042 3503 aderat,

396 3516 601 3614 Libycaque
615 3519 702 3588 tibia
716 3518 888 3603 sonabat,

345 3611 423 3692 545
447 3619 495 3691 Et
507 3617 686 3714 Phrygiae
701 3619 902 3702 cantiones;
929 3619 1084 3716 virgines
1102 3651 1186 3696 vero

395 3722 468 3794 Per
482 3724 646 3816 plausum
662 3739 807 3797 aereum
823 3725 955 3816 pedum

396 3824 546 3896 Laetam
562 3826 765 3896 cantionem
782 3827 975 3911 canebant;
1000 3827 1038 3898 in

397 3927 576 4002 Domibus
590 3930 726 4000 illustre
735 3927 848 3998 ,iubar

395 4027 490 4124 Ignis
503 4033 684 4106 fumosum
700 4031 926 4123 splendorem

349 4127 425 4206 550
450 4133 571 4206 Dabat
588 4137 634 4206 ad
649 4141 828 4206 somnum.

736 4299 956 4404 [apaan]

398 4433 475 4527 Ego
493 4461 579 4508 vero
594 4439 826 4510 monticolam

398 4535 502 4606 Tunc
516 4539 555 4608 in
572 4541 681 4610 domo
699 4541 875 4633 virginem

397 4633 492 4711 lovis
508 4641 618 4723 filiam
634 4641 789 4712 Dianam

399 4739 596 4812 Cantabam
616 4743 655 4813 in
670 4741 819 4816 choreis.

347 4838 425 4916 555
449 4841 502 4913 lbi
516 4845 630 4918 letalis
644 4871 709 4940 per
721 4848 847 4918 urbem

398 4943 478 5016 Vox
496 4949 639 5018 tenebat
658 4973 782 5020 omnes

397 5046 556 5134 Demos,
582 5050 735 5122 infantes
749 5061 868 5118 autern
884 5043 983 5118 chari
1000 5049 1092 5118 circa

279 5158 281 5166 ’
393 5149 516 5222 Vestes
529 5147 716 5224 haerentes
731 5151 923 5219 tendebant
938 5151 1045 5221 matri
1061 5173 1186 5222 manus

395 5249 668 5340 consternatas,
694 5266 729 5323 et
746 5277 786 5320 ex
802 5251 940 5323 insidiis

344 5331 420 5425 550
445 5353 637 5426 Descendit
652 5355 823 5427 exercitus

1434 2681 1546 2749 Andr.
1573 2677 1767 2771 Quondam
1784 2679 1928 2752 fuimus.

1433 2783 1514 2851 Her.
1539 2780 1653 2852 Periit
1668 2781 1849 2900 potentia,
1874 2781 1983 2876 periit
1998 2781 2128 2856 Troia.
2185 2785 2276 2854 Andr.
2291 2773 2322 2844 lu·

1435 2989 1517 3056 Ileo.
1547 2983 1595 3056 Et
1614 2885 1997 3062 meorumliliiiorum
2022 2991 2205 3062 nobilitas.
2255 2982 2323 3055 00·

1434 3194 1515 3262 Her.
1529 3189 1609 3262 Heu
1623 3203 1771 3284 propter
1785 3089 1883 3266 iiiii.
1924 3197 2038 3266 Andr.
2057 3195 2172 3269 Mala.
2214 3195 2276 3264 Per.
2286 3179 2324 3251 lli·

1790 3297 1943 3368 seranda
1960 3297 2164 3372 calamitas.

1386 3391 1461 3466 585
1487 3399 1599 3468 Andr.
1617 3395 1736 3468 Urbis.
1788 3403 1869 3470 Her.
1885 3399 1986 3494 Quae
2002 3401 2136 3474 fumat.
2186 3385 2323 3471 Astale

1800 3505 1885 3572 deas
1901 3505 2039 3588 adme,
2069 3529 2092 3574 o
2109 3501 2242 3574 marite.

1329 3651 1336 3664 ,
1436 3603 1517 3670 Her.
1543 3599 1658 3672 Vocas
1674 3625 1794 3673 meum
1809 3602 1942 3688 filium,
1968 3603 2033 3700 qui
2049 3620 2216 3678 mortuus
2229 3611 2276 3670 est

1435 3705 1545 3772 Andr.
1572 3703 1672 3774 Tuae
1694 3705 1816 3776 uxoris
1841 3707 2081 3780 defensorem.
2148 3715 2225 3782 Her.
2252 3697 2286 3770 El
2300 3705 2324 3804 'i’

1695 3821 1843 3900 propter
1859 3833 1965 3903 quem
1973 3809 2022 3908 ⁸⁰)
2040 3812 2249 3905 superbiunt
2260 3799 2320 3872 Gna

1436 3903 1650 3978 Liberorum
1664 3921 1871 3982 nostrorum
1887 3924 2012 4004 pater,
2040 3939 2063 3984 o
2080 3915 2242 3992 Priame.

1388 4001 1464 4079 590
1488 4007 1615 4080 Addue
1629 4035 1686 4082 me
1702 4015 1748 4082 ad
1764 4013 1911 4086 inferos.
1959 4009 2096 4091 *cleon
2124 4015 2195 4091 Ista
2210 4017 2327 4086 suntor·

1794 4141 1864 4208 gna
1886 4117 2080 4194 desideria.

1438 4216 1519 4295 Her.
1545 4213 1709 4288 Patimur
1724 4221 1870 4292 acerbos
1886 4221 2046 4298 dolores.

1440 4317 1538 4388 otor.
1570 4315 1696 4391 Deleta
1718 4323 1825 4408 urbe,
1863 4322 1934 4392 alia
1959 4325 2059 4396 mala
2087 4347 2195 4415 super
2223 4315 2279 4388 alla
2302 4323 2333 4370 ²⁶·

1792 4425 1936 4511 cidunt,

1378 4595 1383 4602 .
1438 4517 1649 4595 Volentibus
1664 4521 1754 4596 Diis.

1438 4619 1538 4693 Tuus
1553 4637 1672 4696 autem
1687 4627 1781 4712 filius
1796 4627 1919 4722 cffugit
1935 4627 2096 4712 inferos,

1437 4721 1511 4814 Qui
1524 4741 1672 4818 propter
1691 4730 1854 4802 odiosum
1868 4725 2074 4804 thalamum

1435 4825 1598 4898 Perdidit
1610 4829 1785 4921 Pergama

1435 4927 1586 5012 Troiae;
1612 4946 1758 5004 cruenta
1774 4957 1861 5005 vero
1878 4935 1924 5006 ad
1939 4931 2041 5006 Deae

1434 5031 1590 5104 Palladis
1604 5037 1775 5128 templum
1791 5041 1963 5115 cadavera

1382 5172 1588 5192 *-

1416 5231 1464 5300 ³⁸)
1484 5234 1584 5296 Odon]
1615 5233 1657 5287 elo
1678 5235 1762 5291 corn.
1785 5239 1891 5292 recent.
1920 5250 2007 5303 aeque
2033 5250 2074 5291 ω
2094 5241 2145 5292 Μ,
2171 5231 2248 5288 mn,
2270 5215 2332 5272 latta

1450 5303 1534 5360 Edttt.
1553 5305 1644 5370 1555,
1663 5306 1738 5358 1562.
1755 5307 1840 5360 ml,
1859 5305 2083 5374 (sams).

1416 5385 1466 5454 89)
1486 5387 1576 5458 quero]
1596 5390 1638 5442 sto
1654 5389 1772 5458 sorlpsly
1790 5392 1876 5448 notet.
1891 5393 1983 5462 tota,
2001 5393 2084 5448 tm.
2102 5403 2190 5460 qm.
