4780 6102
68 207 141 286 673
376 203 502 284 LXIII.
537 203 938 286 IN'I'ERPIIE'I'ATIO
963 205 1204 286 EURIPIDIS
1231 205 1511 284 IPfflGENIdE
1537 207 1587 284 IN
1614 207 1806 296 AULIDE.
2030 225 2115 304 tort

114 385 244 468 Pluto,
270 383 423 476 opinor,
450 405 529 452 eam
547 381 649 452 brevi
665 384 800 481 ducet.)
1165 379 1285 454 Etrus
1300 381 1467 476 inprimis
1483 381 1667 456 miseratio
1681 385 1833 462 infelicis
1850 391 1990 484 puellae

115 488 163 561 Ut
182 487 329 560 miseret
348 510 407 556 me
431 484 524 558 eius!
577 484 635 556 Sic
653 489 769 573 enim,
795 500 905 581 puto,
928 487 1063 581 suppli·
1164 485 1302 569 Subiit,
1329 485 1545 578 cogitantem
1561 489 1834 580 cognationem,

473 587 569 658 cabit
588 585 698 660 milri:
1165 588 1269 682 Quae
1287 601 1438 682 propter
1453 592 1708 684 measnuptias
1726 599 1915 670 mactanda

113 693 283 786 Opater‚
310 690 449 762 occides
464 689 548 762 me?
580 692 668 764 tales
682 691 830 784 nuptias
1160 690 1244 776 Est,
1270 691 1357 786 quid
1376 705 1458 764 tuae
1472 693 1565 762 filiae
1583 719 1665 766 cum
1679 695 1843 770 Helena?

111 795 188 890 Ipse
206 791 358 882 habeas,
382 807 419 866 et
434 793 596 890 quisquis
612 795 680 866 tibi
695 791 825 868 charus
843 807 906 866 est.
1113 785 1189 866 495
1215 794 1286 864 Eat
1300 795 1473 868 exercitus
1490 796 1657 870 dimissus
1673 825 1716 872 cx
1728 799 1869 876 auide.

65 897 138 977 465
163 899 310 981 Orestes
323 912 444 970 autem
457 921 572 990 prope
589 897 761 993 stansP),
789 896 960 970 clamabit
1163 895 1224 968 Tu
1239 919 1326 968 vero
1344 899 1471 970 desiste
1488 901 1609 970 oeulos
1625 913 1706 974 tuos
1722 901 1872 998 irrigare
1887 911 2093 1012 lachrymis,

112 1005 196 1080 Non
216 1003 395 1076 intellecta
421 1000 714 1092 intelligibiliter;
748 997 867 1072 adhuc
888 1001 983 1072 enim
1008 1009 1060 1069 est
1163 999 1311 1086 Frater,
1337 1014 1373 1072 et
1392 1025 1448 1072 me
1463 1028 1662 1095 provocare
1681 1010 1726 1076 ad
1742 1005 1957 1105 lachrymas,

476 1103 606 1176 inians.
1163 1102 1273 1196 Quod
1289 1104 1319 1176 si
1337 1129 1429 1200 quac
1445 1108 1590 1178 oracula
1609 1103 1718 1182 habes
1734 1113 1778 1181 de
1794 1125 1854 1184 tua
1872 1121 1965 1208 filia,

111 1210 190 1280 Heu
206 1204 297 1294 heu,
323 1207 481 1301 perdidit
495 1232 553 1278 me
571 1206 717 1298 nuptias
732 1232 813 1278 cum
831 1206 968 1278 Helena
1162 1203 1263 1278 Nihil
1295 1210 1341 1278 ad
1376 1234 1433 1278 me
1465 1211 1672 1302 pertinent;
1725 1214 1790 1284 tibi
1831 1223 1951 1296 tribuo
1994 1250 2112 1298 meam

112 1313 304 1386 Celebrans
312 1311 436 1398 Paris,
461 1311 554 1382 filius
569 1310 727 1396 Priami,
753 1333 847 1405 quae
863 1305 954 1380 mihi
969 1309 1059 1380 lece·
1526 1327 1679 1405 partem.

471 1427 558 1485 runt
577 1409 677 1485 haec.
1111 1405 1189 1482 500
1214 1409 1284 1482 Sed
1300 1412 1383 1482 veni
1399 1413 1438 1482 in
1455 1417 1692 1488 mutationem
1710 1443 1729 1488 a
1746 1426 1879 1498 crudeli
1896 1433 2085 1522 sententia,

113 1521 211 1594 otor.
235 1515 282 1588 Et
303 1541 369 1610 ego
382 1516 636 1608 ⁸misericordia
654 1539 907 1599 commoveor,
933 1537 1059 1609 quem·
1160 1515 1329 1609 Aequum
1345 1511 1436 1586 mihi
1453 1519 1601 1604 accidit,
1626 1523 1774 1594 fratrem

270 1622 480 1694 'admodum
496 1623 598 1691 dccet
612 1619 800 1691 mulierem
816 1619 1057 1712 peregrinam,
1161 1619 1299 1688 Amans
1317 1631 1475 1692 mutatus
1489 1647 1582 1694 sum.
1635 1625 1761 1708 „Boni
1780 1633 1848 1702 viri
1864 1659 1942 1706 mos
1959 1652 2012 1709 est

64 1726 135 1800 470
160 1725 316 1816 Propter
332 1725 572 1796 calamitatem
591 1723 796 1816 principum
813 1722 1058 1814 ingemiscere.
1162 1717 1275 1806 „Ille,
1301 1746 1444 1815 semper
1460 1726 1596 1816 optima
1612 1732 1786 1802 sententia
1806 1737 1872 1808 uti.

110 1833 209 1904 Mea.
235 1827 382 1913 Frater,
408 1823 680 1912 concedemihi,
705 1839 746 1898 ut
760 1826 894 1920 possim
912 1839 1058 1917 tangere
1163 1825 1262 1896 Glor.
1288 1824 1481 1898 Praeclara
1497 1829 1635 1913 dixisti,
1662 1831 1888 1926 etTantalo,
1913 1843 1987 1914 filio
2005 1841 2111 1934 Iovis,
2234 1869 2237 1878 ·

472 1955 620 2001 manum
637 1943 749 2001 tuam.
1110 1919 1187 1998 605
1211 1925 1348 2018 Digna;
1373 1955 1448 2000 non
1466 1933 1660 2006 dedecoras
1674 1948 1755 2008 tuos
1770 1943 1936 2016 maiores.

117 2041 233 2128 Δςαηι.
261 2035 456 2114 Permitto;
484 2046 545 2104 tua
563 2045 615 2104 est
628 2033 723 2102 enim
738 2030 970 2128 potensiass),
990 2056 1056 2124 ego
1160 2035 1283 2121 Apum.
1302 2030 1428 2106 Laudo
1445 2047 1491 2118 te,
1518 2035 1693 2122 Menelao,
1720 2049 1818 2135 quod
1835 2062 1977 2140 praeter
1991 2075 2109 2126 meam

477 2161 564 2207 vcro
579 2136 700 2208 miser.
1524 2137 1735 2230 opinionem

113 2245 209 2316 Men.
235 2237 318 2314 Iuro
332 2241 524 2334 Pelopem,
550 2239 613 2334 qui
629 2251 732 2332 pater
746 2238 817 2308 mei
833 2238 946 2330 patris
1161 2234 1271 2308 Recte
1287 2233 1376 2308 haec
1393 2240 1500 2310 verba
1517 2243 1717 2329 subiecisti,
1741 2260 1776 2319 et
1792 2263 1832 2320 ut
1846 2263 1880 2320 te
1895 2255 2007 2329 decet.

111 2344 157 2416 Et
170 2347 225 2416 tui
240 2345 455 2429 vocabatur,
482 2356 518 2414 et
529 2343 701 2427 Atreum,
728 2343 928 2437 quigenuit
944 2344 1058 2430 illum,
1160 2341 1259 2412 Mea.
1301 2341 1489 2416 Discordia
1531 2345 1572 2414 lit
1613 2347 1732 2443 aliqua
1773 2354 1925 2427 fratrum
1960 2375 2111 2456 propter

62 2445 135 2526 475
162 2449 267 2520 Certe
284 2449 465 2520 dicturum
477 2473 535 2518 me
552 2447 618 2517 tibi
633 2471 707 2520 esse
721 2469 764 2516 er
779 2445 924 2529 animo,
1525 2469 1687 2522 amorem

109 2553 156 2624 Et
170 2549 263 2622 nihil
280 2551 532 2635 artificiosum,
558 2552 619 2622 sed
635 2549 706 2634 ita,
731 2561 773 2620 ut
787 2548 915 2622 sentio.
1163 2543 1242 2630 „Et
1258 2548 1491 2640 cupiditatem
1509 2552 1686 2636 familiam
1712 2559 1904 2632 abominor

109 2656 187 2748 Ego
222 2681 302 2728 curn
330 2656 490 2726 viderem
524 2666 558 2722 te
592 2675 636 2722 ex
669 2652 782 2726 oculis
812 2653 975 2724 emittere
1007 2650 1059 2720 la·
1110 2643 1187 2720 510
1213 2649 1372 2733 „Talem
1389 2655 1640 2744 cognationem
1657 2663 1823 2732 acerbam
1843 2666 2039 2746 intersere.

473 2752 661 2849 chrymas,
1162 2757 1283 2844 algam.
1316 2755 1428 2851 Atqui
1457 2760 1688 2848 pervenimus
1714 2765 1752 2836 in
1777 2773 1995 2846 necessarias
2018 2776 2112 2847 cala·

110 2860 279 2932 Misertus
303 2885 383 2931 sum
409 2859 482 2944 tui,
526 2871 562 2928 et
591 2859 667 2951 ipse
691 2855 846 2930 vicissim
877 2857 980 2930 emisi
1006 2857 1058 2926 la·
1521 2862 1684 2952 mitatcs,

482 2957 669 3054 chrymas,
1162 2959 1213 3028 Ut
1231 2974 1416 3032 cruentam
1433 2963 1577 3036 caedem
1600 2993 1782 3042 exerceam
1799 2975 1837 3044 in
1852 2977 1963 3050 liliam
1978 3005 2111 3057 meam.

109 3065 156 3136 Et
169 3065 313 3137 discedo
330 3088 350 3133 a
365 3063 487 3158 priore
506 3063 694 3135 sententia.
1161 3065 1260 3136 Mea.
1288 3063 1387 3158 Qui?
1413 3065 1494 3160 quis
1509 3073 1666 3162 coegerit
1682 3086 1735 3158 te,
1761 3089 1801 3146 ut
1818 3104 1897 3150 eam
1919 3085 2086 3159 occidas?

59 3167 135 3244 400
158 3168 243 3242 Non
260 3168 343 3240 volo
361 3167 399 3238 in
424 3181 459 3240 te
482 3192 556 3240 esse
578 3165 749 3246 crudelis;
781 3166 874 3236 vado
898 3187 960 3249 eo,
993 3164 1056 3235 ubi
1160 3171 1283 3258 Apom.
1312 3167 1428 3239 Totus
1445 3169 1668 3246 Graecorum
1686 3181 1872 3256 exercitos.

470 3284 511 3342 tu
525 3295 623 3342 nunc
640 3268 753 3364 es⁶⁸),
1109 3265 1186 3340 515
1208 3273 1307 3342 Mea.
1333 3269 1438 3356 Non,
1463 3272 1494 3343 si
1509 3274 1625 3367 ipsam
1641 3304 1765 3353 rursus
1782 3285 1903 3358 mittas
1920 3293 1966 3361 ad
1982 3291 2111 3386 Argos.

108 3373 158 3444 Et
172 3374 238 3446 tibi
255 3375 410 3460 suadeo,
435 3399 481 3444 ne
497 3373 689 3444 interficias
707 3371 815 3442 filiam
834 3381 955 3454 tuam,
1161 3379 1285 3464 Apum.
1313 3372 1473 3446 Eatenus
1496 3381 1631 3470 possim
1656 3385 1798 3468 lallere;
1837 3393 1899 3462 sed
1924 3395 1985 3466 illa
2008 3397 2045 3468 in
2070 3421 2111 3468 re

107 3479 236 3574 Neque
263 3479 440 3550 anteferas
463 3503 581 3548 meam
606 3476 819 3556 utilitatem
857 3497 932 3542 non
959 3471 1055 3542 enim
1524 3507 1600 3554 non
1615 3499 1744 3579 potem
1760 3492 1896 3566 fallere,

471 3581 605 3652 iustum
626 3591 679 3650 est
1159 3581 1258 3651 Mea.
1286 3579 1384 3674 Quid
1402 3596 1454 3654 est
1470 3583 1583 3656 illud?
1616 3615 1691 3660 non
1708 3609 1852 3684 oportet
1866 3601 2041 3693 populum
2056 3602 2112 3673 ni·

107 3683 162 3754 Te
179 3708 342 3775 gemere,
370 3709 427 3756 rne
443 3709 530 3754 vero
548 3683 706 3756 suaviter
719 3675 869 3761 habere;
1521 3689 1591 3764 mis
1612 3693 1752 3769 timere.

105 3785 156 3858 Et
177 3787 273 3858 mori
294 3799 394 3876 tuos,
429 3811 529 3859 meos
552 3799 672 3858 autem
682 3783 729 3883 85)
757 3785 939 3878 adspicere
962 3777 1057 3852 hanc
1159 3792 1283 3878 Apum.
1310 3786 1461 3863 Calchas
1479 3797 1618 3886 aperiet
1641 3801 1785 3871 oracula
1811 3806 1981 3876 exercitui
1997 3809 2111 3881 Grae-

463 3893 591 3964 lucem.
1521 3920 1661 3974 corum.

50 3987 134 4066 485
161 3991 260 4086 Quid
274 3991 370 4061 enim
386 3991 497 4064 volo?
525 4019 573 4064 an
593 4017 668 4064 non
684 3988 844 4083 egregias
861 3987 1006 4082 nuptias
1160 3995 1258 4066 Mea.
1282 3995 1389 4082 Non,
1420 3999 1452 4070 si
1475 4013 1558 4071 ante
1583 4005 1778 4088 moriatur;
1818 4003 1886 4076 hoc
1911 4023 2031 4081 autem
2057 4015 2110 4084 fa-

104 4095 210 4168 Alias
226 4119 404 4190 apparare
418 4121 583 4190 possum,
609 4096 641 4168 si
655 4094 799 4188 nuptias
815 4088 1005 4164 desidero?
1519 4104 1585 4174 cile
1601 4120 1664 4178 est.

104 4199 180 4272 Sed
196 4201 350 4292 perdens
369 4201 540 4284 fratrem,
565 4223 672 4294 quem
694 4222 752 4270 me
776 4197 925 4268 minime
950 4217 1058 4288 opor·
1109 4187 1186 4272 620
1212 4205 1336 4292 Apum.
1363 4203 1498 4276 Totum
1515 4231 1626 4296 genus
1643 4221 1768 4279 vatum
1783 4222 1836 4280 est
1850 4211 1986 4304 gloriae
2008 4217 2108 4310 cupi·

470 4304 568 4374 tebat
584 4303 751 4396 perdere,
1527 4311 1613 4380 dum
1636 4323 1672 4380 et
1687 4311 1836 4383 malum.

104 4403 285 4476 Helenam
305 4403 498 4498 accipiam,
524 4407 659 4477 malum
677 4429 745 4498 pro
764 4399 887 4474 bono?
1161 4411 1259 4479 Mea.
1286 4406 1411 4504 Neque
1426 4411 1551 4482 inutile
1569 4437 1686 4509 neque
1700 4415 1788 4486 utile
1804 4427 1868 4486 est.

102 4507 245 4580 Stultus
261 4521 297 4578 et
311 4507 476 4582 iuvenilis
491 4533 590 4580 eram
606 4508 723 4602 prius;
743 4507 805 4577 sed
818 4501 967 4596 propius
981 4525 1058 4571 rem
1161 4517 1283 4604 Apum,
1309 4513 1394 4584 Non
1410 4515 1515 4588 fimes
1529 4517 1638 4602 illud,
1666 4519 1763 4613 quod
1779 4513 1870 4588 mihi
1885 4519 2007 4592 subit?

42 4613 133 4688 490
159 4607 375 4706 inspiciens,
399 4613 488 4698 vidi,
515 4613 620 4708 quale
636 4613 682 4682 sit
698 4609 897 4678 interficere
913 4606 1058 4688 liberos,
1161 4619 1259 4686 Mea.
1287 4615 1482 4709 Quomodo
1501 4643 1646 4712 possum
1670 4621 1844 4713 suspicari
1868 4647 1951 4694 eum
1974 4649 2110 4698 sermo.

1526 4747 1631 4810 nem,
1658 4749 1765 4820 quem
1780 4738 1820 4797 tu
1835 4749 1911 4796 non
1925 4727 2037 4800 dicis?

79 4881 522 5017 ”laftftrautt‘t
536 4881 629 4950 ’Μ’
648 4881 746 4945 Μ’
764 4879 887 4944 Μ’
904 4875 982 4942 ⁸¹¹⁴
1006 4877 1058 4933 ¹²⁶·
1110 4823 1437 5000 aliialii}
1451 4823 2008 5027 {ltlllllttlttla
2026 4955 2109 5026 ,a

79 5057 141 5122 cr)
159 5055 300 5120 morsu]
317 5055 360 5106 uc
372 5056 457 5112 root
471 5055 565 5124 asse,
587 5053 680 5120 csse,
697 5051 782 5104 rust.
800 5051 922 5104 recum:
941 5047 1059 5104 uorsus
1524 5034 1570 5106 sit
1586 5035 1743 5130 Ulysses.

126 5123 238 5192 (ΜΨ
256 5121 288 5176 ¹³
305 5119 429 5191 ’‘llml·
1160 5138 1283 5223 Arcam
1309 5134 1460 5228 Semper
1477 5149 1529 5208 est
1543 5138 1719 5235 variusffl)
1738 5139 1834 5231 apud
1848 5137 2035 5231 populum.

80 5227 216 5350 “quoa
227 5227 443 5350 raama
462 5216 502 5294 sl)
519 5227 606 5280 roos.
620 5227 714 5294 tm,
732 5227 825 5290 m,
843 5225 963 5290 Mosa,
981 5223 1058 5288 Plus

81 5398 140 5468 65)
159 5401 265 5462 cutem]
284 5399 326 5452 sto
344 5400 395 5452 lte.
411 5395 487 5449 tote.
506 5399 554 5457 (ε
571 5397 668 5462 nuru.
686 5389 733 5466 ἡ
757 5397 982 5451 reiteremus:
1006 5409 1058 5448 vs·
1079 5392 1085 5508 Ι
1143 5397 1191 5466 σε)
1209 5398 1322 5458 vertor]
1340 5395 1382 5448 stc
1399 5397 1484 5448 notet.
1502 5397 1596 5462 Ista,
1622 5396 1715 5458 Imp
1739 5397 1838 5450 Rern:
1863 5395 2003 5464 disertum
2027 5399 2107 5450 ltm-

125 5468 194 5536 ro);
219 5469 248 5522 tn
267 5471 317 5522 nt.
338 5467 413 5522 tm.
432 5467 520 5517 deest.
1177 5479 1273 5536 gram:
1292 5467 1420 5532 dolosusg
1442 5466 1520 5522 rte:
1546 5467 1676 5518 vorsutus
1694 5465 1808 5530 (torlp.
1824 5463 1970 5530 noscare).

42 5555 245 5622 umaro.
267 5555 376 5620 orsa.
399 5551 486 5618 Von-
508 5551 635 5618 xvut
1494 5536 1544 5610 40
