4692 6092
59 273 111 348 tat
485 257 621 346 LVIII.
665 259 1071 338 murenarum
1104 260 1308 338 MEDEIE
1339 265 1592 342 EURIPIDIS.
1985 267 2061 346 462

54 439 113 516 050
133 437 176 510 Et
198 459 292 512 natac
315 430 703 520 videormtbisrrare.
728 438 870 523 mulier,
1066 439 1141 510 390
1167 439 1205 510 Si
1228 463 1319 534 quae
1342 443 1451 514 turris
1472 438 1564 512 mihi
1587 443 1750 515 videatur
1772 467 1908 528 secura,

1 544 2 591 ἶ
89 545 241 614 Attamen
267 539 496 633 consequeris
515 534 598 610 boc.
651 539 721 610 Sed
743 542 911 634 praedico
930 541 1012 612 tihi:
1115 541 1314 634 Aggrediar
1337 540 1431 615 hanc
1454 550 1599 630 caedem
1625 549 1710 618 dolo
1734 559 1770 616 et
1793 549 1897 618 clam.

91 648 172 718 Sita
189 655 333 736 postera
354 643 416 714 lua
435 640 506 712 Dei
526 641 670 726 viderit,
1115 643 1274 738 Quodsi
1298 673 1355 718 me
1379 649 1487 718 etiam
1514 651 1699 724 calamitas
1717 649 1969 744 inseparabilis
1984 647 2053 716 cir-

89 750 127 820 Et
145 748 272 820 liberos
292 759 376 818 tuos
399 745 496 816 intra
520 745 608 816 fines
630 739 737 817 huius
760 759 895 816 terrae:
1478 754 1711 836 cumveniret,

89 849 258 932 Morinis
289 849 406 922 dietus
433 861 486 920 est
506 871 625 920 sermo
648 845 726 934 hic,
748 871 867 944 neque
888 848 1012 920 irritus
1113 847 1191 942 Ego
1231 864 1375 944 accepto
1417 854 1555 946 gladio,
1593 857 1734 926 etiamsi
1768 851 1857 925 mihi
1896 854 2053 924 morien·

432 951 512 1024 elil·
1477 960 1565 1034 dum
1585 961 1647 1045 'SM'

50 1055 107 1132 555
125 1057 224 1130 Nunc
249 1053 280 1126 si
304 1065 448 1146 oportet
468 1077 635 1144 manere,
657 1077 763 1124 mane
784 1077 858 1126 uno
883 1053 952 1126 die.
1114 1055 1283 1128 Occidam
1305 1082 1383 1139 eos;
1409 1061 1502 1130 vado
1524 1063 1569 1132 ad
1593 1076 1788 1136 extremam
1814 1061 2013 1134 audaciam.

45 1149 56 1185 “
86 1162 157 1234 Non
188 1157 282 1230 enim
321 1156 429 1230 Iacies
460 1157 597 1252 aliquid
623 1158 710 1234 mali
738 1181 883 1242 eorum,
920 1181 1012 1252 quae
1062 1157 1137 1230 395
1159 1160 1261 1244 Non,
1285 1185 1350 1252 per
1374 1163 1581 1250 dominam,
1612 1191 1719 1260 quam
1742 1191 1806 1258 ego
1830 1165 1909 1234 colo

432 1273 580 1358 metuo„
1113 1263 1287 1332 Omnium
1313 1265 1489 1352 maxime,
1513 1279 1548 1336 et
1574 1269 1785 1342 adiutricem
1808 1265 1964 1361 elegiffl),

91 1369 178 1442 Olor.
197 1361 325 1434 Infelix
343 1363 489 1448 mulier,
1112 1365 1289 1450 Hecaten,
1315 1391 1406 1460 quae
1431 1364 1570 1440 habitat
1586 1371 1624 1440 in
1640 1373 1779 1464 angulis
1794 1370 1928 1450 ‚larium
1953 1391 2050 1439 meo-

88 1467 174 1552 Ueu,
197 1493 219 1537 o
244 1466 391 1538 acerbos
415 1465 573 1536 dolores!
1472 1497 1567 1558 rum,
1808 1529 1811 1538 .

86 1570 158 1664 Quo
182 1583 217 1640 te
240 1568 381 1640 vertes?
409 1570 508 1663 quod
529 1565 726 1658 hospitium
1111 1567 1251 1664 Aliquis
1283 1595 1324 1640 ex
1346 1573 1396 1644 eis
1422 1579 1599 1664 gaudens,
1628 1577 1753 1648 dolore
1781 1575 1908 1648 afficiet
1930 1595 2050 1640 neeum

50 1673 107 1748 550
132 1675 333 1766 nusquam
357 1674 507 1744 domum
532 1684 735 1754 terramve,
768 1691 860 1762 quae
882 1668 1011 1741 litaret
1475 1680 1649 1752 animum,

430 1787 464 1844 te
485 1769 679 1858 hiemalis,
1111 1771 1188 1864 Ego
1210 1774 1340 1844 faciam
1362 1777 1448 1868 ipsis
1471 1782 1614 1874 nuptias
1639 1782 1785 1852 acerbas
1809 1793 1844 1849 et
1870 1779 1999 1859 tristes,

85 1875 261 1952 Inuenies?
1060 1872 1136 1946 400
1172 1873 1221 1943 Et
1246 1879 1411 1954 acerbam
1438 1885 1667 1969 affinitatem,
1706 1897 1741 1954 et
1771 1885 1890 1976 lugam
1915 1907 1956 1950 er
1984 1875 2051 1948 hac

83 1980 192 2072 Quam
216 1993 251 2054 te
273 1979 371 2052 Dens
395 1979 635 2050 indifficilem
659 1989 907 2069 tempestatem
1469 1997 1576 2058 terra.

80 2083 253 2156 Malorum
277 2083 398 2165 duxit,
420 2081 565 2154 Medea!
1111 2077 1185 2172 Age
1203 2105 1307 2167 vero,
1328 2085 1417 2154 nulli
1434 2091 1503 2158 arti
1519 2115 1664 2174 eorum,
1687 2114 1780 2186 qnae
1799 2091 1883 2172 seis,
1909 2112 2047 2181 parcas,

82 2189 168 2258 Mea.
203 2186 345 2280 Ubique
368 2185 460 2256 male
483 2209 623 2256 mecum
648 2185 782 2275 agitur:
819 2182 899 2276 quis
925 2205 1008 2252 eon·
1111 2183 1257 2269 Medea,
1282 2185 1483 2264 deliberans
1508 2207 1543 2263 et
1565 2189 1787 2266 machinans.

428 2287 606 2358 tradicet?
1109 2285 1210 2356 Vade
1229 2290 1274 2358 ad
1299 2291 1453 2364 facinus:
1482 2321 1578 2367 nunc
1594 2311 1646 2369 est
1661 2311 1841 2368 certamen
1864 2295 2046 2366 audaciae.

44 2389 100 2460 005
121 2392 186 2461 Sed
206 2392 367 2464 nondtrm
385 2386 473 2462 baec
498 2404 581 2462 sunt
604 2389 775 2474 omnino,
796 2413 841 2462 ue
865 2389 1008 2481 putetis.
1110 2389 1230 2476 Vides,
1247 2417 1338 2486 quae
1357 2397 1528 2487 patiaris?
1544 2425 1619 2470 non
1636 2413 1779 2494 oportet
1795 2413 1828 2472 te
1843 2399 1998 2470 derideri

76 2493 222 2565 Restant
245 2495 315 2566 alia
335 2495 535 2565 certaruina
558 2493 661 2563 novis
679 2493 837 2592 sponsis,
1061 2489 1135 2565 405
1155 2495 1189 2565 Α
1210 2519 1339 2587 genere
1362 2497 1524 2594 Sisyphi,
1550 2518 1585 2574 et
1605 2505 1740 2597 nuptiis
1758 2503 1908 2588 lasonis,

76 2593 121 2670 Et
142 2621 215 2670 non
235 2597 365 2686 enigua
394 2597 488 2666 mala
513 2597 689 2668 affinibus.
1111 2597 1213 2692 Quae
1237 2613 1322 2669 nata
1346 2625 1382 2672 cs
1406 2628 1447 2674 ex
1471 2609 1667 2699 praestanti
1691 2620 1794 2700 patre
1819 2621 1854 2678 et
1876 2631 1894 2676 a
1921 2605 2015 2686 Sole,

73 2697 163 2769 Nam
187 2711 292 2792 putas
313 2723 371 2770 me
393 2695 477 2769 huic
508 2711 580 2770 tam
603 2700 762 2770 molliter·
790 2699 1007 2790 respondere
1108 2701 1155 2772 Et
1177 2702 1280 2774 calles
1303 2703 1451 2798 aliquid.
1505 2711 1727 2796 „Praeterea
1753 2725 1882 2782 ruitura
1910 2731 2033 2780 snmus

429 2803 599 2894 potuisse,
1110 2803 1215 2890 „Nos
1238 2807 1405 2882 mulieres
1426 2811 1571 2906 ineptae
1596 2817 1641 2884 ad
1664 2815 1773 2902 bona,

72 2901 146 2975 Nisi
171 2903 306 2999 aliquid
330 2916 511 2995 captarem
537 2919 599 2974 aut
622 2900 873 2976 nmchinarer?
1110 2909 1203 2994 „Sed
1213 2910 1447 3002 peritissimae
1465 2919 1616 2990 artifices
1627 2919 1977 2992 omniummalorum
1986 2911 2046 3009 ³⁸).

32 3001 96 3074 370
136 3007 261 3101 Neque
292 3008 445 3078 allocuta
481 3033 613 3092 essem,
657 3031 775 3102 neque
812 3006 1027 3105 attigissem,
1411 3013 1462 3116 [S
1470 3025 1619 3113 trople
1644 3018 1698 3120 1.]

429 3111 608 3182 manibus.
1059 3109 1133 3184 410
1160 3115 1257 3185 Ultor.
1282 3116 1431 3190 Sursum
1448 3149 1570 3196 versus
1592 3151 1776 3197 sacrorum
1800 3122 1990 3196 fluminum

68 3207 127 3279 Ille
151 3236 238 3282 vero
255 3235 298 3280 eo
320 3211 492 3288 stultitiae
512 3212 689 3305 pervenit,
1107 3213 1254 3286 Vadunt
1268 3220 1396 3308 fontes,
1417 3227 1520 3298 etius
1539 3243 1574 3298 at
1590 3230 1710 3302 omnia
1726 3242 1825 3300 retro
1843 3232 2044 3302 vertuntur,

67 3313 133 3396 Ut,
157 3339 240 3386 cum
266 3327 388 3407 posset
409 3314 484 3406 ipse
508 3315 683 3408 impedire
708 3339 787 3386 mea
814 3313 974 3394 consilia,
1108 3316 1185 3385 Viri
1210 3338 1373 3393 exercent
1396 3329 1557 3418 fraudes,
1576 3332 1737 3404 Deorum

65 3415 99 3488 Si
117 3441 177 3488 me
193 3418 352 3492 eiecisset
367 3441 409 3490 ex
425 3413 493 3488 hac
510 3430 618 3502 terra,
633 3420 845 3490 concesserit
860 3413 929 3489 hoc
946 3413 1004 3486 die
1106 3419 1136 3492 F
1137 3421 1211 3492 ides
1218 3423 1266 3520 ³⁷)
1289 3451 1363 3496 non
1391 3435 1544 3525 amplius
1569 3451 1620 3508 est
1640 3451 1731 3508 rata.

64 3517 122 3592 Mc
148 3544 317 3604 manere,
342 3545 414 3615 quo
438 3534 510 3592 tres
534 3546 577 3592 ex
601 3522 690 3592 meis
713 3521 867 3592 inimicis
1055 3520 1130 3595 415
1155 3525 1235 3594 Mea
1262 3531 1405 3622 quidem
1431 3541 1568 3612 vitant
1588 3565 1663 3612 non
1689 3538 1819 3610 habeat
1838 3537 1993 3613 laudem,

20 3617 85 3692 575
121 3621 359 3708 Interfimam,
390 3622 556 3716 patrem,
594 3625 769 3717 puellam,
807 3637 844 3694 et
881 3647 1001 3694 meum
1103 3627 1215 3698 Fama
1237 3633 1366 3705 obstat.

422 3727 606 3800 maritum.
1103 3730 1228 3802 Honos
1251 3737 1348 3806 venit

60 3829 128 3900 Sed
156 3853 239 3900 mm
261 3824 413 3900 hasnam
428 3831 560 3904 mrdtas
583 3831 659 3902 vias
674 3827 911 3900 interficiendi
929 3853 1001 3912 eos,
1104 3833 1272 3905 Muliebri
1300 3843 1434 3930 generi.

57 3931 142 4004 Nun
166 3933 263 4017 seio,
283 3955 397 4026 quam
421 3933 584 4024 primum
608 3933 816 4026 aggrediar,
837 3933 984 4004 amicae.
1102 3935 1186 4007 Non
1211 3942 1364 4032 amplius
1390 3947 1551 4020 odiosam

56 4035 192 4108 Utrum
217 4036 408 4108 accendam
433 4039 582 4108 domurn
608 4061 761 4129 sponsae
785 4035 872 4126 igni,
1044 4035 1126 4112 400
1149 4039 1297 4112 Famam
1321 4040 1503 4120 habebunt
1527 4052 1707 4136 mulieres,

52 4141 109 4210 An
128 4139 281 4232 adigam
301 4151 449 4210 acutum
475 4163 596 4214 ensem
622 4163 688 4231 per
702 4135 829 4230 hepar,
1340 4143 1654 4246 [Antiatropbe
1684 4151 1745 4250 1.]

11 4233 76 4312 480
100 4243 211 4316 Clam
228 4241 568 4337 ingressadomum,
584 4241 647 4312 ubi
663 4243 773 4314 lectus
790 4252 842 4312 est
855 4251 997 4310 stratus.
1100 4243 1224 4314 Musae
1248 4261 1403 4320 veterem

46 4343 117 4418 Sed
148 4369 269 4419 unum
302 4358 355 4418 est
382 4340 474 4416 mihi
508 4345 767 4437 periculosus:
809 4342 840 4414 ei
873 4344 998 4436 depre-
1099 4345 1311 4420 Cantionem
1334 4355 1509 4437 desinent,

424 4443 578 4530 hender,
1099 4448 1178 4541 Qua
1205 4453 1384 4526 celebrant
1408 4457 1600 4530 mulierum
1626 4457 1884 4528 infidelitatem.

43 4551 214 4648 Ingressa
236 4555 410 4636 domum,
435 4549 590 4620 moliens
613 4547 695 4632 ista,
1097 4549 1222 4646 Neque
1247 4557 1401 4628 enimin
1425 4561 1604 4631 mentibus
1629 4560 1762 4634 nostris
1784 4559 1883 4652 lyrae

43 4656 168 4730 Morte
198 4679 279 4728 mea
301 4656 412 4726 risum
434 4653 613 4748 praebebo
639 4651 727 4724 meis
754 4649 919 4722 inimicis.
1046 4650 1122 4726 425
1146 4654 1318 4730 Divinum
1337 4687 1481 4733 carmon
1499 4664 1596 4734 dedit

41 4762 244 4855 Optimum
269 4771 321 4832 est
342 4771 438 4828 recta
462 4755 519 4827 via
545 4755 703 4847 ingredi,
730 4779 799 4848 qua
1096 4753 1281 4846 Phoebus,
1306 4767 1376 4834 dux
1399 4765 1672 4861 carminum⁸⁸):
1700 4763 1837 4859 alioqui

0 4863 64 4938 t25
87 4863 235 4950 Valeo,
257 4875 293 4934 et
316 4861 464 4933 venenis
488 4885 550 4932 eos
574 4859 782 4928 interficere.

37 4967 149 5056 Esto,
174 4979 223 5040 <et
247 4965 321 5040 sint
351 4985 437 5038 tane
465 4961 620 5034 mortui:
656 4983 749 5054 quae
781 4983 839 5030 me
869 4957 992 5027 civitas
1579 5045 1585 5063 .
1993 5049 1999 5062 .

415 5063 588 5159 excipiet?
1077 5044 1314 5168 Uffleqbgc
1338 5053 1387 5168 t-Y-
1402 5049 1501 5170 nuulrtpi
1530 5050 1659 5118 ειιομην)
1688 5052 1772 5102 natta.
1799 5053 1919 5112 roceum
1948 5049 2032 5102 sate.

1198 5150 1207 5182 ‚
1296 5151 1303 5166 θ
1323 5131 1367 5169 ma
1380 5131 1409 5170 e·
1429 5133 1444 5168 e
1457 5133 1492 5184 eg
1503 5125 1523 5170 te

37 5177 128 5274 Quis
151 5191 296 5250 terram
320 5183 435 5242 tutam
461 5183 496 5240 et
512 5171 662 5239 domum
687 5175 889 5236 servantem
907 5185 990 5256 pro·
1078 5196 1132 5265 ῃ).
1145 5200 1179 5252 ῃ,
1193 5199 1213 5252 1.
1231 5199 1259 5250 ,ῃ
1272 5200 1357 5254 Μ,
1374 5203 1469 5268 mg,
1489 5205 1563 5256 ,m
1582 5207 1648 5258 m
1666 5217 1767 5268 m,
1786 5202 1930 5256 „mm
1949 5205 2035 5254 m„

411 5269 517 5343 missa
1076 5283 1125 5354 8⁷)
1145 5287 1369 5368 Deorununtce]
1391 5290 1459 5341 traco
1484 5291 1513 5343 to
1537 5304 1625 5358 marg.
1644 5293 1740 5343 aarum
1758 5291 1842 5343 natet.
1864 5288 2034 5354 erpltcratur

37 5381 229 5456 Praebens
253 5373 382 5470 hospes
404 5373 571 5445 liberabit
593 5395 714 5444 meum
740 5367 893 5461 corpus?
1073 5367 1199 5492 „2⁰2²
1210 5355 1423 5491 ¹¹⁰⁸¹2¹⁸¹¹⁶¹¹l¹ffl
1480 5444 1544 5494 m
1918 5444 1939 5496 a
1966 5457 1974 5472 .
2007 5441 2036 5494 Μ

35 5485 153 5560 Nemo
164 5498 235 5558 est.
262 5479 530 5575 Igiturmanens
546 5471 799 5564 adhucexigno
812 5484 987 5562 tempore,
1107 5438 1166 5577 ln,
1184 5453 1239 5561 „oi
1254 5451 1491 5576 woefflin
1509 5445 1725 5578 poinlliim
1744 5451 1788 5498 eat
1813 5449 1917 5500 ”mm
1940 5455 1973 5496 θ’
