4748 6108
313 144 388 218 923
890 123 1014 200 PHIL.
1048 125 1160 201 MEL.
1195 125 1400 201 SCRIPTA
1430 124 1766 202 Pultououtcn
1851 201 1857 212 ,
2256 141 2317 222 924

368 315 422 386 Te
439 309 552 393 mori,
576 305 638 379 sed
655 299 813 374 moriens
829 298 971 372 iuvabis
986 299 1116 374 fratres
1130 313 1222 374 tuos.
1310 375 1315 387 ,
1362 297 1438 378 595
1459 301 1566 390 „Non
1580 301 1675 388 scio,
1699 323 1773 396 quo
1787 299 1918 395 aliquis
1934 315 2102 387 vertatur.
2128 307 2317 386 Messenia

369 423 464 493 Mac.
486 410 674 504 Sapienter
687 407 803 476 iubes:
821 428 868 474 ne
883 417 1022 478 metuas
1035 404 1216 500 particeps
1232 407 1310 478 lieri
1665 482 1669 492 ,
1783 403 1873 512 ipsa.

372 523 455 594 Meo
474 515 654 612 periculo;
681 511 744 583 sed
758 521 886 601 sponte
903 509 1054 582 morior.
1415 510 1596 596 „Videtur
1645 508 1863 585 multorum·
1889 509 2126 585 maximorum
2168 517 2317 590 malorum

321 628 396 703 560
422 626 600 718 Sequere,
623 637 750 697 senex,
773 612 811 680 in
836 611 906 683 tuis
922 613 1089 684 manibus
1103 615 1187 684 volo
1203 613 1310 684 mori.
1738 637 1742 645 ·
1777 612 1991 684 remedium.
2014 654 2015 658 =

372 733 547 802 Praesens
556 733 679 816 postea
690 731 768 808 tege
778 739 895 786 meum
906 717 1310 808 corpusmeisvcstibus.
1415 720 1476 788 Iol.
1511 718 1578 786 Sed
1598 741 1619 785 o
1638 716 1791 786 maxime
1816 717 1989 790 excellens
2012 731 2157 809 propter
2171 724 2321 813 maguitu-

372 835 476 904 Vado
492 827 588 900 enim
604 826 650 894 ad
667 819 905 891 miserabilem
925 845 1062 905 necem,
1777 819 1901 891 dinem
1915 819 2043 904 animi,

374 939 411 1010 Si
429 931 576 1030 quidem
601 938 685 998 nata
711 917 847 1016 sum⁴⁰)
872 947 914 994 ex
938 923 1001 993 illo
1020 937 1142 1016 patre,
1179 948 1222 994 ex
1239 946 1311 1018 quo
1415 923 1512 994 Scito
1548 935 1583 992 te
1618 947 1691 995 esse
1725 917 2042 994 honoratissimam
2079 927 2232 1000 cronium
2263 953 2319 1000 mu-

735 1025 884 1118 glorior.
1779 1021 1923 1108 liceum,

373 1146 435 1216 tot.
454 1139 537 1212 Non
552 1155 697 1227 possum
712 1129 834 1200 adesse
851 1141 933 1200 tuae
944 1128 1040 1200 neci.
1416 1126 1461 1196 Et
1480 1127 1599 1195 vivam
1616 1137 1652 1194 et
1667 1138 1850 1200 mortuam
1865 1131 1944 1198 lore
1960 1130 2075 1202 nobis.

324 1244 400 1322 565
425 1247 519 1318 Mac.
543 1237 613 1310 Sed
628 1233 783 1304 concede
798 1227 888 1316 hoc,
910 1257 955 1301 ne
976 1227 1137 1302 exhalem
1153 1231 1311 1300 animam
1366 1231 1442 1302 500
1470 1230 1539 1300 Sed
1555 1229 1650 1308 valc;
1678 1252 1804 1302 vereor
1821 1233 1917 1302 enim
1935 1233 2077 1304 laedere
2094 1234 2208 1307 verbis
2221 1234 2319 1318 Dran,

374 1349 414 1422 ln
434 1346 596 1416 virorum
611 1337 790 1420 manibus,
804 1337 866 1408 sed
882 1335 921 1406 in
936 1336 1102 1406 manibus
1111 1335 1313 1406 mulierum.
1419 1333 1485 1404 Cui
1501 1346 1602 1404 tuum
1618 1355 1747 1423 corpus
1763 1333 1946 1419 initiatum
1960 1349 2031 1420 eac,
2054 1335 2192 1408 Cereris
2201 1339 2301 1412 liliam.

375 1455 436 1526 101.
459 1445 511 1518 lta
524 1445 607 1528 liat,
632 1467 654 1512 o
669 1440 802 1510 misera
819 1439 1018 1531 virginum,
1041 1435 1126 1532 quia
1415 1435 1554 1520 Ofilii,
1578 1433 1755 1526 perimus:
1780 1451 1992 1529 merguntur
2011 1440 2174 1509 membra

375 1552 468 1628 Mihi
486 1545 557 1622 hoc
578 1558 669 1619 esset
691 1555 815 1634 turpe,
842 1555 877 1612 te
892 1553 1074 1612 mortuam
1091 1565 1167 1610 non
1183 1561 1313 1611 ornare
1417 1539 1573 1622 Dolore,
1599 1532 1811 1630 prehendite
1826 1553 1861 1610 et
1876 1542 2047 1613 collocate
2064 1541 2297 1626 mamaeam,

738 1641 886 1738 pulchre
1419 1643 1494 1712 Hac
1510 1651 1606 1710 veste
1623 1639 1673 1710 ibi
1689 1653 1864 1732 tegentes,
1892 1670 1914 1714 o
1929 1644 2006 1727 filil,

377 1763 532 1852 Propter
547 1753 674 1833 multa,
690 1761 725 1818 et
740 1760 887 1841 propter
900 1745 1186 1836 magnitudinem
1203 1745 1313 1819 animi
1368 1743 1443 1818 605
1484 1741 1666 1838 Quoniam
1696 1767 1813 1838 neque
1846 1741 1902 1820 his
1934 1747 2120 1832 delector,
2149 1750 2309 1843 quaefacta

740 1851 813 1936 tui,
1779 1861 1874 1932 sunt,

328 1969 404 2044 570
426 1957 680 2034 Eliustitiam;
704 1951 942 2024 miserrimam
958 1965 1075 2021 autem
1094 1964 1128 2022 te
1418 1949 1464 2018 lit
1487 1962 1608 2018 tamen
1633 1951 1779 2021 oraculo
1801 1974 1876 2024 uon
1900 1952 2058 2043 perfecto
2084 1972 2161 2029 non
2186 1953 2316 2046 potuita

380 2065 554 2142 Omnium
571 2057 762 2128 mulierum
781 2055 855 2124 vidi
873 2055 984 2126 oeulis
998 2056 1099 2126 meis.
1654 2119 1659 2126 ,
1775 2079 1856 2126 mus
1871 2055 2005 2139 vivere,
2071 2101 2077 2112 ·

380 2174 450 2244 Sed
466 2168 495 2240 si
511 2165 584 2246 vis,
604 2157 671 2232 hos
687 2161 858 2252 procede:
883 2183 1004 2230 senem
1420 2155 1515 2250 Quia
1533 2151 1650 2224 maius
1664 2153 1799 2226 malum
1813 2158 2015 2237 accidisset;
2031 2155 2228 2232 tamenhoc
2241 2159 2319 2230 etiam

380 2273 449 2347 Abi
464 2279 648 2363 postremo
670 2261 957 2356 allocuturum).
1782 2273 1836 2330 est
1851 2261 2117 2338 calamitosum·

382 2378 476 2451 Mac.
501 2369 652 2450 Ovale,
672 2390 799 2447 senex,
823 2365 902 2434 vale
922 2377 957 2436 et
972 2365 1059 2432 doce
1422 2361 1520 2432 libor.
1544 2358 1666 2441 „Dico
1678 2363 1860 2437 nemiuem
1877 2365 1953 2438 sinc
1968 2363 2047 2437 Diis
2060 2367 2205 2440 beatum
2219 2365 2290 2446 lieri,

332 2477 408 2553 575
433 2477 536 2548 Meos
548 2473 696 2554 fratres,
721 2481 760 2539 ut
772 2469 860 2540 liant
876 2470 921 2538 ad
937 2466 1059 2536 omnia
1074 2487 1156 2533 vere
1172 2461 1293 2535 idonei
1421 2461 1576 2554 „Neque
1592 2463 1700 2535 etiam
1716 2465 1898 2541 miserum.

382 2583 482 2654 Sicut
501 2590 560 2660 tu,
583 2571 674 2642 nihil
699 2572 872 2662 amplius;
896 2581 1002 2640 erunt
1024 2568 1118 2637 enim
1135 2565 1219 2636 satis
1235 2589 1317 2656 pro·
1372 2565 1448 2636 610
1468 2561 1625 2659 „Neque
1641 2573 1967 2662 unquameandem
1984 2573 2140 2648 domum
2150 2596 2276 2666 semper
2287 2567 2322 2640 uti

745 2673 841 2757 bati,
1424 2667 1656 2750 „Felicitate;
1678 2672 1791 2742 mlum
1812 2674 1901 2748 alias
1920 2670 2030 2744 alium
2049 2677 2180 2768 agitat:

382 2787 432 2856 Et
446 2807 564 2856 serves
578 2805 657 2863 eos,
680 2775 772 2850 habe
788 2776 966 2846 rationem
983 2786 1065 2844 tuae
1082 2771 1187 2840 vitae.
1424 2770 1566 2853 „Modo
1582 2773 1701 2843 reddit
1715 2776 1901 2868 exiguum,
1925 2780 2131 2850 detractum
2152 2783 2194 2850 ab
2208 2780 2279 2858 alto,

383 2889 456 2960 Tui
470 2887 572 2979 pueri
588 2905 730 2964 sumus,
754 2879 825 2949 tuis
840 2877 1007 2948 manibus
1025 2874 1102 2944 aliti
1117 2897 1251 2944 sumus.
1423 2873 1565 2956 „Modo
1584 2899 1748 2948 erronem
1765 2879 2083 2974 facicbeacu1n⁴⁹).

333 2992 409 3069 580
432 2991 540 3062 Vides
556 2986 652 3056 euim
674 3007 752 3066 me,
778 3005 869 3075 quae
884 2975 904 3015 ¹*
920 2983 967 3050 do
983 3002 1102 3048 meam
1117 2977 1319 3049 adolescen-
1373 2971 1448 3048 615
1473 2975 1587 3062 „Non
1603 2977 1875 3052 estsashomiui
1891 2984 2046 3076 effugere
2067 2987 2197 3070 latum,
2219 2982 2283 3052 nul·

744 3083 833 3156 tiam
851 3107 918 3176 pro
934 3081 1009 3154 istis
1025 3081 1151 3155 morti:
1426 3079 1489 3163 „la
1505 3079 1543 3152 id
1559 3083 1734 3174 sapientia
1753 3098 1870 3177 potest
1885 3088 2078 3178 depellere.

383 3198 431 3268 Et
446 3220 531 3278 vos,
553 3204 673 3262 coetus
693 3191 846 3258 fratrum
863 3211 1044 3280 praesens,
1425 3183 1525 3268 „Sed
1544 3184 1608 3278 qui
1624 3199 1773 3258 conatur
1791 3190 1962 3279 repellere
1981 3191 2111 3273 latum,
2345 3237 2346 3286 q

384 3301 467 3372 Sitis
481 3296 595 3380 beati,
613 3308 648 3364 et
665 3291 876 3383 contingant
890 3289 992 3370 vobis
1006 3289 1086 3372 illa,
1110 3311 1177 3380 pro
1192 3284 1322 3379 quibus
1426 3285 1607 3370 „Frustra
1621 3301 1792 3374 conatur,
1815 3313 1955 3384 semper
1971 3294 2134 3365 laborem

747 3419 812 3487 ego
829 3393 1036 3464 interficior.
1425 3443 1448 3472 „
1458 3389 1622 3461 Habebit.

385 3503 433 3574 Et
446 3500 624 3572 honorate
638 3521 783 3580 senem,
809 3509 970 3566 etenum
987 3494 1026 3564 in
1040 3494 1163 3574 domo,
1425 3493 1493 3562 Sed
1508 3505 1547 3562 tu
1562 3517 1635 3562 non
1654 3507 1753 3586 petas
1771 3519 1832 3580 ea,
1855 3520 1946 3590 quae
1963 3510 2047 3569 suut
2065 3521 2173 3591 supra
2189 3495 2280 3574 Deos,

335 3602 410 3680 585
432 3605 480 3676 Et
491 3617 643 3674 matrem
659 3601 867 3670 Alcmenam
883 3597 996 3690 patris
1010 3594 1096 3680 mci,
1376 3593 1451 3672 620
1470 3595 1595 3690 Neque
1610 3597 1762 3670 nimium
1779 3600 1912 3670 doleas.
2345 3623 2346 3694 l

387 3710 434 3780 Et
462 3704 529 3778 hos
550 3701 721 3796 hospites.
780 3702 888 3793 Quod
913 3701 942 3772 si
972 3698 1109 3772 fueritis
1135 3691 1277 3764 liberati
1303 3717 1320 3758 a
1426 3697 1487 3768 llla
1507 3699 1634 3768 misera
1652 3703 1802 3772 sustinet
1821 3703 1955 3772 claram
1973 3718 2142 3786 mortem,

748 3805 865 3886 malis,
1427 3801 1498 3872 Pro
1531 3803 1701 3876 fratribus
1728 3817 1765 3877 et
1790 3829 1858 3897 pro
1888 3818 2006 3890 terra,
2056 3809 2115 3881 vel
2141 3827 2206 3898 pro
2235 3805 2311 3870 notlt

387 3912 434 3983 Et
447 3910 555 3980 luerit
572 3909 674 3980 vobis
686 3907 821 3978 reditus
839 3929 857 3974 a
872 3903 963 3988 Diis,
1795 3908 1950 3992 civitate,

389 4012 621 4096 Meministis,
655 4011 752 4106 quod
782 4007 972 4078 conveniat
1000 4030 1064 4074 vos
1094 4001 1321 4074 servatricem
1425 4005 1550 4098 Neque
1566 4007 1690 4098 exigua
1709 4009 1823 4100 gloria

750 4125 903 4184 vestram
920 4105 1069 4185 honeste
1085 4104 1252 4198 sepelire:
1426 4107 1589 4199 Excipiet
1605 4135 1683 4180 eam
1701 4114 1746 4200 ab
1760 4108 1985 4185 hominibus:

388 4219 577 4312 Magnifice
596 4229 689 4286 certe
704 4239 858 4310 aequum
876 4225 944 4295 est,
965 4235 1041 4282 non
1058 4209 1154 4281 enirn
1171 4209 1266 4282 delui
1378 4207 1452 4283 625
1476 4209 1628 4294 „Virtus
1645 4215 1743 4284 vadit
1761 4239 1825 4308 per
1842 4217 1995 4288 labores.

338 4323 414 4400 590
435 4322 567 4406 Vobis,
589 4323 650 4392 sed
666 4332 806 4390 mortim
823 4343 900 4390 sum
917 4341 985 4410 pro
1002 4339 1082 4384 meo
1098 4337 1238 4406 genere.
1426 4312 1523 4382 Haec
1538 4315 1629 4397 lacta
1646 4330 1730 4388 sunt
1745 4319 1851 4410 digna
1867 4332 1969 4412 patre
1985 4330 2020 4388 et
2034 4317 2214 4390 iratribus.

389 4427 437 4498 Et
450 4427 509 4496 illa
528 4427 606 4494 laus
621 4423 689 4492 erit
703 4419 792 4492 mihi
809 4431 1085 4492 monumentum
1099 4440 1166 4508 pro
1185 4412 1306 4484 liberis
1429 4415 1466 4486 Si
1480 4417 1569 4487 bene
1583 4419 1692 4490 sentis
1709 4423 1753 4490 de
1769 4422 1922 4492 mortuis
1936 4419 2061 4504 bonis,
2083 4433 2197 4490 tecum
2213 4405 2309 4486 sentit·

389 4530 437 4600 Et
448 4553 526 4598 mea
545 4527 768 4618 virginitate,
790 4525 821 4596 si
836 4524 980 4620 quidem
997 4521 1171 4591 subterra

390 4629 483 4702 Mihi
498 4627 589 4700 nihil
606 4630 673 4700 erit
686 4629 879 4722 reliquum.
934 4625 1056 4712 „Nam
1073 4621 1101 4694 si
1118 4633 1153 4690 et
1172 4618 1250 4690 istic

393 4735 590 4822 „Habituri
609 4731 786 4828 comesfl)
805 4753 908 4826 curas
924 4740 1007 4822 post
1021 4737 1200 4816 mortem,

1420 4565 1660 4668 [Famulus‚
1688 4577 1851 4660 Iolaus,
1879 4577 2103 4660 Alcmene,
2131 4553 2298 4656 utores]

1429 4694 1522 4760 Fam.
1551 4689 1587 4758 Ο
1602 4691 1686 4775 filii,
1710 4693 1860 4776 salvete,
1886 4693 1948 4762 ubi
1965 4705 2018 4764 est
2032 4717 2139 4764 senex
2154 4688 2267 4762 Iolaus,

1429 4790 1477 4859 Et
1493 4805 1609 4862 mater
1623 4793 1927 4892 patris⁴⁸),abest
1943 4797 1987 4864 ab
2004 4791 2073 4864 hac
2088 4791 2190 4866 sede?
2295 4873 2300 4888 ⁸
2345 4849 2346 4886 3

1427 4895 1489 4966 Iol.
1514 4893 1713 4981 Adeamus,
1722 4897 1836 4991 qualis
1855 4896 1971 4992 qualis
1987 4912 2039 4970 est
2053 4921 2130 4968 mea
2146 4889 2322 4987 praesenltt·

376 5005 424 5062 10)
443 5007 509 5054 nata
526 5000 598 5068 sum]
616 5002 657 5052 stc
676 4997 724 5066 (=
740 4999 833 5062 Eurtp.
851 4991 980 5064 πέφυκα)
1001 4982 1224 5053 Edittl‘heoent.;
1241 4991 1327 5044 natet.

413 5075 505 5134 ¹558„
527 5073 599 5123 1562.
619 5071 691 5120 mate
707 5081 777 5117 sum.
2202 5107 2207 5119 ‚

376 5161 443 5217 toa)
461 5159 516 5209 Sed
535 5160 558 5208 sl
578 5153 851 5210 vis-allocutum]
872 5149 912 5198 sic
930 5148 1015 5202 artu.
1033 5147 1120 5212 MSS„
1143 5147 1233 5210 15623
1252 5149 1327 5199 Sin:
1414 5147 1462 5212 12)
1483 5149 1557 5201 (1.1.
1584 5148 1612 5205 itt
1636 5150 1720 5204 auct.
1747 5151 1841 5213 16116,
1870 5152 1943 5204 tm,
1973 5155 2039 5206 m
2061 5161 2162 5212 ηιμ
2191 5122 2321 5190 011ϋάΜο

413 5229 468 5279 Sed
487 5228 513 5277 st
530 5227 594 5290 qutd
612 5225 683 5276 setta
703 5225 786 5274 hosca
805 5222 833 5269 et
851 5231 945 5270 senen
962 5219 1145 5281 coweltare,
1163 5219 1215 5284 tto,
1235 5219 1328 5270 altino
1450 5229 1550 5272 rerum.

413 5295 534 5360 alloquio
550 5293 730 5358 00mpeuana.
1415 5303 1463 5366 aa)
1485 5301 1585 5369 pucras]
1604 5305 1667 5354 aare
1685 5305 1746 5355 voca
1764 5306 1792 5354 aa
1806 5319 1893 5371 marg.
1906 5307 1990 5360 uuttt
2007 5305 2091 5368 csta,
2105 5299 2176 5354 ctat.
2192 5283 2320 5345 ΜΝ·
2342 5345 2346 5366 ,

248 5425 263 5460 3,
380 5385 429 5441 11)
447 5376 555 5445 sumus]
576 5379 625 5428 Ed.
647 5375 720 5426 tusa.
741 5373 837 5425 merrdo
856 5375 984 5438 typam:
1003 5381 1104 5435 sunu.
1451 5374 1494 5422 est
1511 5383 1624 5426 nuncu:
1645 5374 1834 5438 florentin·
1940 5414 1943 5422 .
2045 5407 2050 5418 .

1380 5053 1584 5066 m
