4844 6122
87 247 134 328 25
264 241 410 318 XLVII.
459 242 863 319 INTERPRETATIO
888 241 1062 318 OPERIS
1088 241 1479 340 QUADlllPAR'l'lTl
1503 239 1791 314 PTOLEMAEl
1825 241 1967 316 LlB.l.

91 421 226 502 Tertia,
253 444 341 488 cum
359 417 465 509 vigor
480 417 671 510 langueiit‚
705 431 740 488 et
761 417 904 489 initium
932 429 985 490 est
1007 411 1092 487 con-

92 523 324 618 sumptionis,
364 523 504 593 siccitas
527 520 647 592 maior
674 535 743 593 est:
784 535 824 592 ut
845 521 883 592 iu
906 533 1094 592 autumno.

92 631 274 700 Postremo
293 626 468 718 frigidior
489 636 557 696 est:
592 636 633 694 ut
648 620 783 708 hiems,
810 649 902 720 quae
927 625 1092 716 proxima

98 747 146 805 est
166 730 286 802 morti.

196 849 254 920 Sic
267 861 300 918 et
317 859 480 943 quatuor
500 847 713 938 angulorum
736 857 888 916 naturae
910 843 1095 929 differunt,

112 953 269 1046 aquibus
287 951 408 1035 venti,
451 951 515 1045 qui
546 964 637 1020 totas
661 949 741 1019 illas
761 961 880 1040 partes
903 961 1095 1041 occupant,

122 1055 241 1148 spirant.

195 1172 391 1246 Orientalis
407 1171 558 1262 angulus
576 1172 704 1242 siccior
719 1185 790 1256 est,
816 1172 920 1266 quia,
948 1195 1028 1240 cum
1044 1170 1095 1246 ibi

106 1279 157 1350 Sol
168 1293 231 1363 est,
259 1301 325 1360 ea,
352 1299 446 1370 quae
459 1287 564 1345 nocte
583 1253 697 1367 rigath
714 1277 877 1357 fuerant,
904 1275 1023 1345 statim
1040 1274 1095 1341 in.

106 1383 225 1476 cipiunt
242 1379 402 1462 arefieri,
429 1377 664 1451 etSuhsolani
679 1391 763 1449 sunt
776 1378 854 1450 sine
869 1374 1035 1461 humore,
1059 1397 1095 1454 et

12 1513 13 1518 ¹
104 1485 301 1556 arefaciunt.

190 1601 364 1674 Meridies
384 1597 536 1670 calidior
553 1609 623 1684 est,
651 1600 733 1694 quia
751 1601 813 1670 Sol
837 1600 875 1669 in
900 1599 1020 1669 medio
1043 1601 1095 1668 fa-

105 1707 193 1800 stigio
210 1706 401 1777 ardentior
416 1715 488 1786 est,
516 1713 551 1772 et
565 1703 649 1798 quia
667 1703 840 1774 medietas
866 1703 957 1772 coeli
980 1703 1094 1794 magis

106 1813 144 1880 ad
156 1811 340 1882 meridiem
358 1807 535 1892 declinat,
562 1831 628 1898 pro
655 1808 725 1878 situ
746 1819 882 1890 terrae,
917 1831 1009 1902 quae
1030 1801 1095 1876 ha·

107 1915 239 1986 bitatur.
290 1913 455 2006 Suntque
473 1909 598 1980 Austri
615 1909 722 1980 calidi
742 1923 778 1979 et
791 1909 936 1980 rarifici.
1040 1916 1043 1922 ’

200 2029 371 2101 Occidens
401 2023 573 2100 humidus
603 2040 673 2112 est,
714 2027 819 2122 quia,
861 2053 940 2097 cum
964 2025 1026 2097 Sol
1050 2049 1093 2095 co

118 2131 273 2214 accessit,
292 2127 469 2202 exhaustae
487 2125 719 2202 humiditates
737 2129 913 2213 interdiu,
939 2127 1092 2201 diffundi

125 2233 295 2327 incipiunt.
339 2233 495 2328 Suntque
513 2229 670 2328 Zephyri
696 2235 810 2304 teneri
832 2248 867 2304 et
885 2227 1094 2304 humectan-

118 2349 172 2408 tes.
217 2337 342 2406 Arctoa
360 2337 460 2429 regio
475 2337 606 2429 frigida
629 2349 701 2420 est,
732 2337 815 2431 quia
840 2361 907 2430 pro
930 2338 999 2408 situ
1023 2349 1094 2406 ter·

107 2465 180 2525 rae,
204 2465 294 2536 quae
312 2437 510 2523 habitatur,
537 2439 742 2531 longissime
762 2441 895 2511 abesta
915 2465 1019 2512 causa
1037 2465 1094 2510 ca-

106 2543 196 2628 loris,
210 2545 390 2630 ,videlicet
405 2544 499 2616 Solis
513 2543 676 2637 fastigio,
704 2569 783 2614 cum
808 2545 859 2614 ibi
883 2545 929 2616 sit
952 2556 1095 2614 contra·

106 2649 184 2718 rium
206 2649 406 2742 fastigium.
466 2647 629 2743 Suntque
646 2647 786 2719 Boreae
807 2647 928 2740 frigidi
954 2659 990 2718 et
1010 2671 1095 2716 cou-

103 2753 278 2846 gelatores.

9 2949 16 2966 ,
185 2873 286 2942 llaec
301 2869 488 2942 distinctio
504 2869 601 2941 utilis
617 2881 669 2941 est
686 2872 731 2940 ad
753 2870 1001 2944 diiudicandae
1023 2872 1095 2944 sin-

98 2977 266 3068 gularium
293 2973 584 3046 commixtiones.
636 2973 730 3046 Nam
751 2988 903 3068 propter
925 2972 990 3047 has
1011 3000 1096 3046 cou-

101 3079 290 3150 stitutioues
312 3089 545 3169 temporum,
572 3077 675 3162 anni,
709 3089 864 3147 aetatum
889 3091 925 3148 et
946 3081 1095 3174 angulo-

105 3205 196 3266 rum,
217 3175 388 3252 uounihil
404 3179 548 3249 variant
561 3179 745 3252 stellarum
762 3179 977 3254 effectioues.

188 3301 325 3373 Potior
344 3311 399 3371 est
414 3299 508 3368 enim
528 3301 703 3396 qualitas,
724 3310 759 3370 et
776 3301 931 3370 validior
954 3303 993 3371 in
1013 3304 1094 3374 loco

95 3418 328 3496 congruente:
357 3415 399 3475 ut
418 3403 552 3473 calidae
576 3403 615 3472 in
638 3403 762 3475 calidis
784 3403 892 3491 locis,
925 3401 1095 3477 humidae

95 3504 315 3580 inhumidis.
369 3505 411 3576 lu
426 3505 615 3578 contrariis
638 3532 724 3577 vero
748 3507 897 3580 dilutior
921 3535 961 3580 ac
984 3509 1097 3580 imbe-

95 3611 222 3681 cillior:
248 3625 290 3682 ut
305 3611 345 3680 iu
360 3609 499 3702 frigidis
523 3611 610 3680 locis
634 3611 881 3698 calefactivae,
915 3628 950 3684 et
971 3615 1009 3684 iu
1031 3613 1097 3686 sic-

92 3715 138 3784 cis
154 3709 348 3798 humidae,
376 3726 411 3784 et
427 3713 518 3782 aliae
542 3715 580 3782 in
605 3713 683 3786 aliis
705 3715 891 3802 similiter,
923 3742 991 3812 pro
1012 3743 1097 3812 pro-

93 3819 261 3908 portione
276 3829 312 3888 et
326 3817 543 3912 qualitatum
562 3819 831 3890 commixtione.

120 3993 176 4060 De
194 3993 300 4078 εἰςιιίε
315 3993 469 4081 tropicis,
481 3991 791 4084 'aequinoctialibus
806 4001 840 4061 et
854 3993 1071 4083 bicorpor-eis.

207 4121 272 4194 llis
287 4125 468 4217 expositis,
494 4128 738 4196 annectendae
764 4141 867 4197 erant
893 4141 927 4198 ει
950 4144 1097 4204 natura·

87 4229 141 4302 les
158 4227 400 4322 proprietates
415 4230 605 4299 duodecim
621 4229 819 4321 signorum.
870 4229 924 4302 Ac
944 4257 1093 4324 genera-

85 4335 136 4406 les
163 4357 293 4404 eorum
318 4334 412 4405 vires
433 4343 638 4424 congruunt
661 4359 741 4403 cum
765 4333 837 4404 suis
861 4339 1097 4428 temporibus.

90 4437 154 4508 Sed
181 4439 365 4532 quaedam
380 4438 626 4530 proprietates
648 4449 840 4508 sumuntur
864 4461 883 4507 a
909 4439 1097 4512 familiari-

94 4551 161 4611 tate
180 4541 299 4624 Solis,
325 4537 454 4612 Lunae
477 4551 512 4609 et
531 4539 754 4635 reliquarum
776 4541 981 4628 stellarum,
1006 4546 1097 4618 sicut

86 4659 214 4736 postea
230 4643 385 4716 dicetur.
437 4643 544 4715 Prius
560 4643 655 4713 enim
673 4643 787 4727 vires,
819 4669 909 4739 quas
931 4671 997 4739 per
1021 4673 1096 4720 sese

85 4761 120 4818 et
136 4773 227 4840 erga
240 4771 322 4822 sese
339 4746 492 4818 invicem
509 4743 663 4831 habent,
691 4747 922 4839 explicandae
940 4765 1036 4823 sunt.

193 4848 364 4922 Primum
381 4850 571 4922 discrimen
587 4864 638 4922 est
653 4849 855 4942 signorum:
883 4865 924 4922 ut
945 4853 1016 4924 alia
1042 4854 1096 4923 di-

81 4971 218 5028 cautur
233 4979 310 5026 esse
325 4955 486 5048 tropica,
520 4955 589 5024 alia
608 4953 904 5049 aequinoctialia,
937 4981 1094 5050 quorum

80 5073 246 5156 unaque
268 5069 351 5130 suut
380 5056 549 5138 mobilia;
591 5058 720 5128 deinde
753 5057 825 5126 alia
857 5059 981 5143 firma,
1023 5061 1092 5130 alia

80 5163 320 5254 bicorpores.
530 5177 535 5184 ’

188 5263 351 5358 Tropica
387 5276 473 5336 suut
505 5265 597 5336 duo:
646 5264 852 5357 proximum
886 5287 905 5333 a
940 5263 1093 5336 solstitio

78 5369 246 5458 aestivo,
274 5365 346 5440 hoc
364 5379 435 5454 est,
460 5381 580 5460 partes
593 5366 739 5460 triginta
751 5365 898 5449 Cancri,
921 5379 957 5437 ει
972 5367 1095 5459 prori-

76 5497 190 5546 urum
211 5498 233 5546 a
259 5471 419 5548 solstitio
438 5465 612 5558 hiberno,
644 5485 686 5542 ut
706 5483 827 5564 partes
849 5470 998 5563 triginta
1025 5469 1092 5542 ca-

2099 241 2151 322 26

1146 417 1319 510 pricorni.
1371 415 1436 487 llis
1451 441 1469 500 a
1486 439 1526 485 re
1540 439 1676 486 nomen
1692 413 1846 486 inditum
1870 427 1941 502 est,
1974 417 2149 510 quoniam

1145 521 1228 604 Sol,
1269 518 1332 590 ubi
1355 515 1443 590 haec
1462 519 1647 616 ,ingressus
1676 532 1747 602 est,
1787 529 1888 588 retro
1914 520 2150 606 convertitur,

1145 623 1291 694 flectens
1322 645 1465 694 cursum
1495 622 1535 692 in
1566 622 1785 692 contrariam
1815 622 2064 706 latitudinem,
2110 624 2149 692 iu

1147 725 1288 798 Cancro
1303 738 1473 796 aestatem
1493 726 1661 812 efficiens,
1680 727 1719 794 iu
1737 724 1962 816 Capricorno
1977 722 2149 798 hiemem.

1248 844 1341 916 Sunt
1354 857 1390 916 et
1403 847 1682 940 aequinoctialia
1697 849 1787 918 duo:
1816 871 1968 918 vernum
1984 846 2089 920 Aries
2114 860 2150 920 st

1146 950 1355 1020 autumnale
1370 947 1503 1034 Libra,
1531 951 1660 1044 quibus
1676 962 1711 1018 et
1727 949 1813 1042 ipsis
1829 975 1848 1020 a
1871 975 1910 1020 re
1934 973 2070 1020 nomen
2093 949 2149 1020 iu·

1146 1052 1262 1123 ditum
1279 1065 1350 1136 est,
1376 1053 1483 1147 quia,
1497 1077 1591 1124 ¹cum
1609 1053 1672 1124 Sol
1689 1056 1734 1123 ad
1750 1053 1809 1122 illa
1828 1053 2053 1146 pervenerit,
2083 1077 2149 1146 per

1147 1180 1273 1226 omues
1289 1167 1403 1227 terras
1420 1157 1586 1250 aequalia
1604 1156 1721 1248 spatia
1735 1170 1819 1227 suut
1835 1157 1907 1226 diei
1925 1170 1960 1228 et
1973 1157 2102 1228 noctis.

1248 1271 1304 1342 Ex
1318 1274 1466 1369 reliquis
1481 1288 1563 1344 octo
1580 1274 1691 1368 siguis
1707 1289 1865 1372 quatuor
1887 1279 1992 1348 firma
2015 1301 2149 1348 vocan-

1146 1387 1227 1462 tur,
1256 1391 1413 1472 quatuor
1432 1378 1659 1470 bicorporea.
1732 1421 1738 1432 ·

1248 1497 1340 1566 Sunt
1356 1509 1475 1566 autem
1493 1500 1610 1584 firma,
1628 1499 1795 1592 proxima
1814 1499 1962 1594 tropicis
1977 1515 2012 1572 et
2027 1501 2150 1597 aequi·

1146 1598 1383 1684 noctialibus,
1410 1599 1573 1686 Taurus,
1604 1601 1700 1687 Leo,
1733 1603 1922 1696 Scorpius,
1955 1605 2150 1700 Aquarius,

1147 1705 1244 1796 quod
1262 1727 1328 1794 per
1341 1697 1473 1774 horum
1490 1717 1674 1796 tempora,
1700 1731 1780 1775 cum
1797 1710 1841 1775 ad
1857 1731 1898 1776 ea
1912 1709 1973 1778 Sol
1991 1709 2148 1792 accessit,

1146 1799 1397 1890 humiditates,
1423 1807 1581 1891 calores,
1608 1809 1784 1906 siccitates
1799 1821 1834 1878 et
1853 1811 2067 1902 frigiditates
2088 1835 2148 1880 ve·

1145 1903 1388 1979 hementiores
1404 1921 1440 1978 et
1452 1911 1631 1983 firmiores
1646 1912 1684 1980 in
1706 1911 1919 2005 corporibus
1942 1913 2075 1985 nostris
2100 1899 2174 1984 εἰ(

1146 2011 1333 2095 liciautur,
1359 2035 1435 2082 uon
1453 2016 1650 2108 quodtunc
1673 2017 1766 2088 aeris
1790 2028 1903 2088 status
1929 2043 1991 2089 sua
2016 2029 2148 2088 natura

1145 2115 1192 2186 sit
1205 2114 1423 2207 simplicior,
1447 2117 1510 2186 sed
1529 2117 1614 2211 quia
1631 2121 1725 2189 vires
1741 2120 1956 2216 qualitatum
1972 2145 2074 2190 mora
2096 2123 2148 2190 fa·

1146 2217 1248 2288 cilius
1277 2219 1501 2304 sentiuntur,
1544 2233 1736 2315 postquam
1765 2224 1989 2318 aliquamdiu
2013 2223 2149 2298 inistis

1146 2321 1370 2414 temporibus
1388 2323 1519 2394 versati
1535 2349 1669 2396 sumus.

1176 2537 1178 2544 Α
1248 2439 1470 2534 Bicorporea
1490 2456 1525 2514 et
1539 2443 1734 2514 mediocria
1751 2457 1852 2530 sunt,
1885 2470 1977 2541 quae
1993 2459 2076 2539 post
2089 2447 2149 2516 fir·

1147 2567 1206 2613 ma
1238 2559 1497 2616 numerantur:
1542 2547 1709 2631 Gemini,
1747 2547 1889 2640 Virgo,
1923 2548 2149 2641 Sagittarius,

1146 2647 1278 2720 Pisces.
1358 2649 1452 2740 Quia
1488 2650 1585 2720 enim
1619 2650 1714 2720 inter
1751 2653 1880 2738 firma,
1931 2651 2068 2744 tropica
2113 2665 2149 2722 et

1147 2751 1424 2846 aequinoctialia
1447 2751 1633 2824 interiecta
1656 2768 1760 2840 suut,
1786 2755 1891 2825 initio
1907 2768 1942 2826 et
1958 2759 2028 2826 fine
2051 2755 2149 2828 simi·
2255 2790 2261 2798 ·

1146 2855 1197 2928 les
1215 2855 1381 2928 cumillis
1402 2868 1551 2928 naturas
1570 2853 1716 2930 habent.

1310 3031 1366 3098 De
1391 3027 1591 3101 masculinis
1617 3040 1650 3101 et
1672 3028 1835 3120 femineis
1859 3033 1981 3123 stpnn.

1249 3165 1442 3236 Praeterea
1471 3191 1533 3238 ser
1559 3169 1661 3261 sigua
1696 3172 1941 3254 attribuerunt
1969 3170 2150 3242 masculae

1146 3281 1297 3339 naturae
1313 3281 1349 3339 et
1370 3271 1543 3357 diurnae,
1577 3271 1801 3369 totidemque
1824 3274 2000 3346 femineae
2024 3285 2061 3344 ct
2084 3297 2151 3342 uo-

1148 3385 1308 3475 cturuae.
1360 3371 1462 3444 Ordo
1480 3389 1599 3448 autem
1616 3378 1772 3448 traditur
1786 3377 1998 3462 continuus,
2024 3389 2066 3448 ut
2079 3375 2152 3446 diei

1148 3501 1221 3547 nox
1239 3477 1407 3548 adiuncta
1428 3491 1501 3564 est,
1528 3493 1563 3552 et
1579 3481 1760 3574 copulatio
1776 3479 1976 3552 necessaria
2001 3493 2054 3552 est
2073 3503 2150 3550 ma-

1148 3581 1199 3652 ris
1228 3592 1263 3651 ει
1291 3582 1460 3653 feminae.
1531 3583 1569 3654 si
1601 3583 1710 3676 igitur
1738 3598 1902 3656 sumatur
1929 3583 2073 3654 initium
2105 3583 2150 3653 ab

1148 3683 1291 3768 Ariete,
1330 3698 1481 3776 propter
1503 3711 1645 3772 causas,
1683 3713 1772 3783 quas
1794 3688 1969 3772 diximus,
2000 3687 2092 3758 sicut
2116 3697 2152 3756 et

1148 3789 1327 3860 masculus
1350 3788 1560 3860 dominator
1582 3815 1623 3860 ac
1644 3793 1746 3885 prior
1769 3805 1843 3877 est,
1885 3791 1968 3888 quia
1992 3789 2148 3860 activum

1149 3915 1291 3984 semper
1314 3891 1415 3984 prius
1435 3905 1488 3964 est
1507 3895 1662 3986 passivo.
1726 3895 1829 3967 Aries
1855 3909 1890 3966 et
1909 3893 2018 3964 Libra
2043 3905 2150 3962 eruut

1149 3995 1306 4066 mascula
1322 4009 1358 4064 et
1382 3996 1524 4068 diurna.
1583 3998 1731 4070 Accedit
1751 3995 1843 4084 huc,
1876 4001 1974 4093 quod
1998 3995 2150 4067 circulus

1149 4099 1368 4194 aequinoctii
1386 4125 1451 4192 per
1467 4097 1555 4170 haec
1574 4103 1793 4197 descriptus,
1827 4101 1983 4196 primam
2005 4113 2041 4171 et
2062 4099 2150 4168 vali-

1149 4203 1334 4274 dissimam
1363 4203 1526 4274 omnium
1556 4208 1790 4298 agitationem
1823 4205 1940 4275 eflicit.
2008 4205 2066 4276 Ab
2092 4199 2149 4275 his

1149 4306 1320 4376 contiuua
1338 4307 1430 4377 serie
1449 4309 1654 4380 masculinis
1671 4309 1842 4379 feminina
1860 4307 2110 4380 subiiciuntur.

1250 4424 1425 4497 Nonnulli
1442 4453 1528 4498 vcro
1547 4430 1740 4500 masculina
1756 4431 1877 4521 signa,
1912 4429 1957 4498 ab
1981 4427 2150 4500 orientali

1148 4527 1264 4620 signo,
1292 4532 1389 4624 quod
1407 4523 1782 4622 ulpiononocdicitur,
1809 4532 2011 4604 nominant.
2048 4529 2149 4602 Sicut

1148 4631 1244 4701 euim
1267 4631 1380 4728 aliqui
1405 4633 1628 4726 tropicorum
1653 4635 1755 4705 initia
1788 4649 1936 4708 sumunt
1964 4661 1983 4704 a
2008 4631 2148 4706 Lunari

1148 4734 1303 4819 circulo,
1344 4735 1443 4830 quod
1472 4737 1679 4809 celerrimae
1700 4739 1772 4809 sint
1794 4737 1920 4809 Laruae
1942 4735 2148 4808 conversio·

1147 4859 1231 4908 nes:
1269 4837 1377 4908 sicet
1401 4839 1557 4909 mascula
1580 4840 1680 4932 signa
1706 4843 1880 4912 ordienda
1904 4841 2055 4912 suntab
2079 4835 2147 4908 ho-

1147 4964 1320 5033 roscopo,
1359 4955 1509 5034 propter
1531 4941 1785 5016 Sobsolanum.
1850 4941 1925 5013 lam
1955 4939 1994 5012 hi
2023 4965 2147 5012 rursus

1147 5043 1318 5114 contiuua
1349 5043 1439 5116 serie
1467 5044 1562 5117 vices
1591 5047 1873 5119 masculinorum
1899 5060 1934 5116 et
1953 5044 2148 5115 feminino·

1145 5171 1228 5218 rum
1250 5147 1484 5218 constituunt.

1247 5265 1321 5338 Alii
1349 5279 1465 5338 totum
1499 5267 1672 5338 circulum
1705 5269 1745 5339 iu
1775 5271 1992 5366 quadrantes
2017 5267 2148 5340 divise·

1145 5381 1251 5456 runt,
1277 5391 1319 5441 ac
1330 5369 1509 5442 matutina
1525 5383 1561 5441 et
1576 5373 1734 5442 mascula
1754 5375 1799 5442 ab
1815 5369 2018 5466 horoscopo
2033 5393 2146 5466 usque

1145 5473 1192 5544 ad
1208 5473 1368 5545 medium
1388 5473 1478 5544 coeli
1495 5473 1740 5564 constituunt,
1772 5490 1808 5548 ει
1832 5473 1888 5550 his
1912 5475 2076 5570 opposita
2100 5474 2147 5544 ab
