4692 6092
285 229 363 336 ω
870 227 996 302 rurs.
1031 225 1146 302 nan.
1177 223 1383 298 scurra
1408 223 1748 303 rumonomcn
2003 187 2005 193 ⁸
2238 229 2293 314 su

289 408 389 482 1000
413 403 462 476 Et
478 427 594 498 neque
611 425 711 472 rnare
727 425 846 496 neque
861 415 956 472 terra
973 401 1127 494 recipiat
1138 423 1260 472 meum
1343 396 1442 474 1065
1469 400 1551 472 Non
1567 401 1670 473 vadis
1685 425 1794 496 qoam
1812 399 1971 492 primurn
1991 413 2135 472 exterra
2150 405 2268 495 patria?

337 511 500 605 Corpus,
542 505 606 580 ubi
634 507 736 578 fuero
759 517 942 590 mortuns,
980 506 1012 576 si
1032 529 1110 576 sum
1137 505 1288 576 scelera·
1392 509 1497 595 Hipp.
1525 504 1608 598 Quo
1626 506 1735 576 miser
1747 530 1805 576 me
1822 503 1985 578 vertam?
2011 504 2108 578 cuius
2120 501 2252 600 hospitis

699 621 756 680 tus
773 608 842 680 vir.
1392 605 1553 680 Domum
1579 607 1783 702 ingrediar,
1817 621 1969 700 propter
1993 603 2160 706 hanc⁸⁸⁸)
2184 633 2297 686 cauum

335 714 396 788 An
412 726 533 788 autern
548 711 610 787 illa
623 707 693 784 hoc
709 723 892 793 metuens,
918 707 1119 802 perdiderit
1130 709 1264 795 vitam,
1754 710 1925 785 exulans?

334 818 487 899 Nescio;
513 838 598 886 nam
616 811 706 906 mihi
720 837 796 884 non
810 813 894 884 licet
911 813 1028 882 dicere
1043 803 1152 884 ultra.
1395 815 1493 884 Ticer.
1519 811 1594 906 Qui
1610 812 1764 887 libenter
1779 826 2009 906 corruptores
2028 814 2208 906 coniugum

336 923 423 996 Fuit
441 932 558 1018 casta,
584 945 664 992 cum
679 929 801 988 tamen
814 941 855 986 re
871 941 957 986 vera
973 939 1050 986 non
1066 928 1157 986 esset
1180 927 1288 988 casta.
1391 913 1534 1008 Recipit
1548 917 1779 1010 peregrinos,
1792 929 1839 992 ‚et
1852 942 1933 1003 eos,
1947 915 2229 1014 ¹quicolsabitant
2240 941 2298 990 cum

291 1023 390 1102 1035
421 1023 499 1099 Nos
533 1018 704 1092 habentes
738 1019 959 1105 castitatem,
1009 1018 1199 1096 infeliciter
1233 1021 1290 1090 usi
1757 1020 1874 1112 malis.
2050 1091 2053 1099 ,
2107 1070 2112 1084 ·

703 1147 840 1196 sumus.
1344 1119 1444 1192 1070
1469 1125 1573 1213 supp.
1600 1121 1682 1196 Heu
1703 1117 1796 1208 heu,
1815 1119 1901 1194 hoc
1923 1123 2033 1197 afficit
2055 1118 2182 1216 hepar,
2212 1120 2298 1194 etloc

340 1235 439 1307 olor.
466 1225 597 1298 Dixisti
613 1225 849 1298 sufficientem
869 1222 1134 1294 excusationem
1152 1227 1289 1318 culpae,
1458 1271 1462 1282 ·
1756 1251 1871 1319 prope
1885 1215 2091 1320 lachrymas
2105 1240 2176 1313 est,

337 1334 519 1408 Praebens
540 1328 815 1414 iusiurandum,
854 1351 930 1396 non
954 1325 1119 1420 exiguam
1142 1353 1220 1400 rem
1244 1331 1290 1399 ad
1394 1327 1502 1418 Quod
1520 1327 1636 1398 malus
1653 1352 1811 1420 appareo
1827 1341 1864 1400 et
1878 1327 2006 1401 videor
2022 1330 2101 1414 risi,
2119 1391 2123 1406 ,

603 1433 711 1503 fidem
726 1432 926 1505 faciendam
943 1429 1137 1500 autoritate
1153 1431 1288 1504 divina.
1361 1455 1365 1462 ·
1397 1431 1495 1504 ates.
1522 1429 1629 1503 Tunc
1640 1433 1835 1523 ,oportebat
1847 1456 1990 1523 gemere
2006 1445 2043 1505 et
2057 1433 2254 1526 providere,

342 1543 442 1616 ll'hea.
460 1535 593 1612 Nonne
609 1532 669 1609 hic
687 1547 740 1608 est
755 1535 960 1606 incantator
976 1546 1012 1604 et
1026 1536 1289 1630 praestigiator,
1393 1531 1484 1602 Cum
1503 1557 1610 1604 ausus
1626 1558 1663 1605 es
1676 1533 1808 1606 iniuria
1825 1537 1966 1609 afficere
1983 1559 2131 1607 uxorem
2147 1533 2247 1630 patris
2258 1529 2295 1600 tui
2324 1551 2325 1568 ¹

339 1644 413 1737 Qui
429 1641 577 1712 confidit
590 1640 763 1710 facilitate
780 1637 927 1708 iurandi
944 1662 981 1707 se
999 1662 1121 1708 meum
1393 1641 1499 1728 Hipp.
1532 1635 1567 1706 O
1597 1638 1746 1725 domus,
1784 1639 1928 1714 utinam
1958 1635 2050 1712 mihi
2083 1663 2201 1715 vocem
2228 1636 2297 1706 eto

290 1747 390 1826 1040
415 1745 591 1822 Animum
621 1766 749 1838 capere
783 1766 909 1835 posse,
951 1766 1031 1812 cum
1066 1754 1206 1833 patrem
1229 1767 1289 1813 me
1754 1767 1876 1835 posses
2184 1771 2191 1783 ·

702 1843 903 1938 ignominia
923 1843 1106 1914 affecerit?
1334 1837 1445 1914 ,1075
1476 1841 1523 1912 Et
1536 1845 1681 1931 testari,
1705 1845 1837 1919 ausim
1855 1846 1972 1918 malus
1987 1845 2055 1918 vir.

338 1958 443 2046 Hipp.
458 1949 604 2046 xValde,
629 1961 751 2042 pater,
778 1943 866 2020 haec
881 1948 925 2018 de
941 1961 975 2018 te
993 1947 1121 2036 miror.
1345 2010 1348 2020 .
1399 1947 1498 2020 tter.
1527 1946 1700 2042 Confugis
1717 1950 1764 2020 ad
1777 1961 1882 2024 testes
1896 1947 2041 2029 mutos?
2067 1949 2160 2026 clare

339 2059 378 2128 si
393 2071 433 2126 tu
450 2079 542 2126 esses
557 2053 651 2124 filius
670 2065 705 2122 et
722 2076 787 2144 ego
807 2064 889 2122 tuus
904 2063 1027 2142 pater,
1395 2049 1493 2120 Haec
1509 2075 1587 2134 res,
1619 2077 1712 2149 quae
1731 2075 1809 2124 non
1835 2053 2015 2148 loquitur,
2047 2051 2181 2124 indicat
2203 2063 2232 2120 te
2252 2067 2298 2114 esse

339 2159 580 2232 lnterlicerem
597 2169 652 2242 te,
679 2167 717 2226 et
727 2179 804 2225 non
820 2153 926 2225 exilio
941 2153 1130 2248 punirem,
1754 2156 1904 2230 malum.

339 2265 378 2336 si
393 2261 540 2359 quidem
559 2285 646 2334 ausa
663 2283 755 2332 esses
769 2281 888 2330 meam
904 2281 1055 2330 uxorem
1071 2256 1259 2350 attingere.
1395 2261 1498 2348 Hipp.
1517 2255 1609 2342 Heu,
1626 2258 1766 2328 utinam
1782 2272 1873 2330 esset
1887 2257 2057 2352 possibile
2074 2260 2247 2353 meipsum
2262 2253 2301 2322 ad·

290 2365 391 2444 1045
421 2369 521 2440 ates.
548 2363 669 2460 Quam
688 2375 783 2432 recte
798 2356 869 2432 hoc
883 2361 1023 2445 dixisti,
1047 2385 1127 2435 non
1146 2361 1198 2433 sic
1211 2386 1291 2432 mo·
1653 2387 1662 2404 ·
1757 2361 1894 2454 spicere
1913 2383 2042 2432 coram
2324 2431 2325 2448 ,

335 2454 340 2466 ’
704 2463 886 2563 riaris⁸⁴),
1396 2461 1579 2550 Stantem,
1604 2475 1646 2534 ut
1660 2464 1909 2557 deplorarem,
1935 2463 2167 2558 qualismata
2184 2461 2287 2555 patior.

219 2599 221 2604 ’
343 2575 443 2648 Sicut
458 2585 499 2644 tu
514 2568 582 2642 tibi
597 2568 665 2664 ipsi
681 2571 753 2643 fers
769 2565 864 2640 hanc
882 2568 1009 2660 legem.
1346 2567 1447 2642 1080
1477 2571 1576 2642 raes.
1618 2567 1735 2640 Multo
1766 2569 1882 2660 magis
1911 2567 2133 2643 assuefecisti
2162 2580 2194 2637 te
2219 2565 2301 2657 ipen

289 2663 292 2675 ¹
340 2677 555 2764 „Festinata
572 2698 673 2746 mors
688 2685 741 2744 est
755 2671 957 2766 gratissima
977 2671 1110 2744 infelici
1132 2667 1292 2754 homini;
1505 2671 1511 2680 '
1755 2673 1893 2756 colere,

228 2838 237 2855 .
340 2783 409 2852 Sed
426 2805 470 2849 ex
483 2775 601 2872 patria
618 2789 715 2849 terra
733 2776 815 2849 exul
832 2798 957 2845 errans
1397 2774 1517 2868 Quam
1534 2773 1882 2866 pietatem'oxercere
1898 2799 1981 2867 erga
1997 2785 2165 2867 parentes
2179 2771 2265 2844 iuste.
2324 2807 2325 2828 ι

339 2885 382 2956 ln
398 2899 495 2956 terra
510 2880 701 2976 peregrina
718 2878 886 2950 miseram
904 2877 1015 2948 vitam
1032 2901 1127 2970 ages.
1396 2883 1501 2970 Hipp.
1527 2877 1690 2960 Omater
1705 2877 1847 2963 infelix,
1873 2880 2037 2950 oacerba
2059 2873 2249 2970 mesano,

291 2985 393 3062 1050
417 2987 515 3057 Haec
532 2997 585 3055 est
601 3007 739 3055 merces
755 2977 895 3050 homini
911 2981 1037 3073 impio.
1396 2981 1513 3066 Nemo
1531 3007 1700 3066 meorum
1712 2983 1911 3062 amicorum
1925 2982 1974 3056 sit
1991 2977 2141 3055 nothus.
2324 3025 2325 3084 p

340 3096 445 3183 Ηίρρ.
478 3087 561 3158 Heu
584 3083 690 3158 mihi!
732 3086 821 3182 quid
841 3083 973 3182 iacies?
1010 3107 1128 3182 neque
1152 3096 1294 3178 tempus
1401 3090 1501 3166 Tire.
1527 3086 1611 3163 Non
1627 3081 1775 3161 trahetis
1792 3110 1901 3170 euno,-
1921 3084 2041 3158 servii
2071 3107 2148 3168 non
2162 3076 2272 3154 audit‘o
2324 3087 2325 3140 t

704 3187 859 3262 iudicem
867 3187 915 3286 ⁸⁵)
1350 3188 1448 3262 1085
1476 3190 1536 3260 Me
1552 3191 1666 3261 multo
1682 3201 1765 3260 ante
1782 3189 1980 3274 dicentem,
2002 3202 2048 3260 ut
2062 3183 2122 3264 hic
2138 3171 2290 3261 eiiciattrr?

287 3376 291 3384 ,
342 3294 480 3370 Contra
497 3319 566 3366 nos
580 3291 750 3386 recipies,
774 3294 836 3364 sed
853 3316 909 3362 me
925 3290 1071 3384 expellis
1087 3315 1106 3362 e
1123 3291 1246 3362 terra?
1396 3299 1500 3386 Hipp.
1525 3293 1622 3366 Num
1634 3293 1766 3388 aliquis
1781 3293 1945 3400 ipsorum
1964 3292 2054 3372 flens
2071 3317 2129 3364 me
2144 3280 2268 3380 tanget?

292 3487 297 3499 ι
345 3404 445 3474 ΤΙιεε.
473 3395 633 3492 ulain)
648 3419 749 3466 mare
765 3408 801 3464 et
815 3395 893 3464 loca
910 3393 1111 3480 Atlantica,
1398 3398 1456 3468 Tu
1471 3399 1567 3490 ipse,
1593 3394 1624 3470 si
1638 3396 1704 3472 tibi
1717 3396 1859 3482 animus
1879 3409 1951 3481 est,
1971 3397 2112 3488 expello
2127 3419 2146 3472 e
2161 3406 2255 3464 terea.
2280 3481 2285 3498 ¹

343 3504 383 3576 si
399 3525 562 3596 possem:
590 3499 640 3571 sic
655 3498 717 3570 odi
731 3510 834 3568 tuum
851 3509 969 3590 caput.
1305 3569 1312 3578 ,
1400 3503 1500 3584 stes.
1525 3500 1671 3581 Faciam
1686 3496 1786 3586 haec,
1803 3499 1873 3572 nisi
1891 3499 1973 3594 quis
1986 3500 2198 3592 persuadeat
2211 3489 2304 3564 verbu
2324 3479 2325 3526 1

294 3601 396 3682 1055
422 3608 528 3694 Hipp.
555 3603 680 3698 Neque
695 3599 945 3672 iusiurandum
962 3621 1079 3694 neque
1101 3599 1208 3669 fidem
1231 3621 1294 3670 ue·
1397 3605 1523 3700 Neque
1535 3605 1608 3675 ulla
1622 3603 1868 3692 misericordia
1882 3603 2082 3677 intercedet
2094 3626 2160 3694 pro
2174 3613 2229 3670 tua
2239 3597 2303 3680 suga·
2324 3633 2325 3660 t

710 3727 780 3798 que
799 3717 922 3776 vatum
1350 3707 1448 3780 1090
1473 3709 1578 3799 Ηὶρρ.
1604 3708 1875 3794 securamen,
1902 3707 2112 3781 utvidetur.
2158 3693 2304 3776 ornent

342 3811 451 3884 Dicta
466 3806 677 3902 explorans,
702 3805 800 3903 eiicis
813 3831 873 3878 me
887 3819 982 3878 terra
996 3802 1271 3878 indemnatum?
1759 3835 1900 3898 serum,
2324 3823 2325 3828 ’

347 3919 448 3989 Theo.
475 3911 574 3982 Haec
587 3909 740 3996 tabella,
761 3935 838 3982 non
853 3909 1028 4006 recipiens
1044 3921 1192 3996 sortem,
1400 3912 1508 4006 Quod
1523 3915 1610 3991 novi
1627 3911 1734 4002 haec,
1762 3905 1982 4000 sed'nescio,
2009 3913 2192 4009 quomodo
2210 3908 2300 3980 dican

343 4019 440 4090 Vera
455 4026 599 4087 accusat
616 4025 669 4096 te;
694 4013 779 4086 istas
795 4040 882 4086 vero
898 4037 1006 4110 supra
1024 4025 1132 4110 caput
1398 4017 1433 4088 Ο
1448 4013 1657 4092 charissima
1671 4016 1762 4090 mihi
1776 4020 1875 4106 Dea,
1901 4020 1971 4092 filia
1987 4016 2168 4101 Latonae,

344 4122 520 4193 volantes
532 4142 617 4191 aves
632 4142 709 4189 non
726 4143 826 4192 curo.
1400 4116 1669 4209 Cohabitatrix,
1694 4125 1790 4196 socia
1807 4123 2029 4207 uenationis,
2055 4115 2259 4194 deserendae

166 4236 171 4248 '
297 4227 397 4304 1060
422 4229 528 4318 Hipp.
556 4219 690 4308 ODii,
714 4247 777 4294 cur
790 4248 867 4294 non
881 4222 1019 4296 solvam
1033 4245 1153 4293 meum
1171 4245 1231 4304 os,
1401 4225 1609 4301 Celebratae
1624 4223 1863 4328 Athenaeil'),
1888 4229 1950 4304 aad
1966 4226 2086 4299 valeat
2099 4225 2207 4307 urbs,

347 4330 454 4423 Quia
471 4325 595 4412 vobis,
622 4351 714 4426 quos
729 4327 828 4413 colo,
852 4324 988 4421 pereo?
1351 4325 1450 4408 1095
1475 4328 1523 4400 Et
1540 4345 1635 4404 terra
1650 4328 1854 4406 Erechthei.
1906 4330 2074 4402 Osolum
2092 4319 2307 4398 Troezenius,

346 4435 431 4508 Nou
459 4455 606 4526 possum
635 4454 784 4524 prorsus
812 4432 1049 4524 persuadere,
1081 4424 1211 4522 quibus
1236 4435 1317 4499 me'
1400 4435 1520 4526 Quam
1537 4437 1649 4508 multa
1664 4431 1774 4510 habes
1791 4437 1945 4507 iucunda
1962 4438 2007 4504 ad
2023 4415 2282 4526 pubescendootl
2324 4457 2325 4470 ¹

715 4547 880 4630 oportet,
1232 4592 1234 4600 .
1399 4537 1507 4618 Valc;
1529 4553 1753 4634 postremum
1765 4551 1803 4612 te
1819 4539 1945 4612 videns
1963 4539 2141 4634 alloquor.
2269 4620 2276 4636 ι
2324 4615 2325 4620 1

344 4640 493 4710 Frustra
507 4639 763 4710 confunderem
777 4637 1042 4720 iusiurandum,
1056 4633 1153 4729 quod
1167 4630 1296 4704 iuravi.
1398 4641 1432 4714 0
1446 4641 1604 4732 iuvenes,
1621 4669 1711 4741 quos
1723 4643 1890 4741 aequales
1902 4639 2013 4716 habui
2023 4640 2063 4712 in
2079 4635 2146 4730 bac
2162 4647 2256 4710 terra,
2268 4630 2309 4696 11⁰,
2324 4621 2325 4664 1

304 4828 307 4837 Ι
345 4745 450 4834 Tlos.
477 4739 558 4815 Heu
582 4737 695 4825 mihi,
730 4767 839 4838 quam
864 4767 921 4815 mc
943 4737 1133 4813 interficiet
1156 4749 1218 4810 tua
1241 4761 1296 4807 se·
1401 4747 1560 4818 Salutate
1574 4773 1651 4835 me,
1679 4761 1714 4818 et
1729 4749 1892 4819 deducite
1912 4773 1955 4818 ex
1967 4741 2034 4816 hac
2052 4758 2166 4825 terro,

710 4843 860 4915 veritat!
1352 4852 1452 4924 1100
1478 4851 1572 4946 Quia
1587 4877 1664 4923 non
1679 4852 1788 4924 alium
1806 4849 1993 4926 castiorem
2014 4843 2196 4920 hominem

300 4967 506 4982 ·””·“·”“’·
680 5013 683 5022 .
967 5004 971 5013 ·
1155 5028 1157 5036 ,
1397 4953 1588 5041 videbitis,
1607 4955 1749 5028 etiamsi
1762 4951 1851 5026 haec
1868 4979 1944 5026 non
1959 4953 2127 5024 videntur
2138 4939 2227 5042 patri
2238 4949 2307 5006 ⁰¹⁰⁰·

332 5053 382 5110 84)
401 5047 546 5112 mortecto]
564 5048 607 5100 stc
625 5049 709 5106 Edttt
724 5050 816 5112 1550,
836 5048 933 5112 lma
951 5046 1035 5103 ratu.
1053 5047 1174 5098 recent:
1191 5041 1295 5096 morie·
1625 5081 1629 5090 .

367 5117 409 5170 ris
434 5117 545 5186 (rurtp.
568 5121 619 5176 aa.
637 5121 725 5176 Bostt.
746 5121 837 5182 toth,
862 5119 962 5185 darm,
985 5119 1093 5184 Musgr.
1117 5113 1210 5184 θανῇ,
1242 5114 1295 5182 Ed.

364 5187 426 5241 1111-
445 5187 552 5255 ³⁸75)-
844 5261 847 5268 ,
1382 5199 1455 5256 801)
1465 5197 1559 5260 ¹trono]
1578 5195 1619 5246 stc
1636 5192 1738 5266 scripu
1756 5193 1804 5260 (z
1820 5191 1916 5261 lturtp.
1934 5183 2029 5262 rjd’);
2053 5187 2138 5240 nant.
2152 5182 2236 5236 1150,
2252 5159 2306 5222 ¹⁵⁸²

328 5275 380 5341 80)
400 5273 530 5336 induere]
548 5277 590 5328 stc
609 5276 692 5330 ttdttt.
713 5275 806 5338 1510,
825 5275 917 5334 15624
940 5271 1026 5326 notet.
1046 5272 1149 5324 recent
1168 5273 1217 5332 (ε
1235 5271 1295 5324 tu·
1416 5277 1505 5332 qnam.
2300 5327 2304 5340 Ι

366 5343 418 5407 ¹¹¹⁹·
436 5340 576 5410 drmit)
594 5345 711 5398 meroem
730 5343 806 5408 (sco.
824 5346 987 5404 veritato).
1380 5355 1431 5412 ar)
1450 5351 1621 5407 aecensus
1641 5349 1806 5404 cerastem
1821 5347 1963 5410 attenso]
1981 5347 2022 5398 nc
2039 5345 2123 5398 rests.
2144 5336 2222 5394 rasos
2238 5319 2305 5377 ¹⁵⁶²·

330 5429 381 5490 00)
400 5425 493 5498 utrm]
512 5429 554 5484 stc
571 5435 619 5496 (z
630 5431 725 5493 tturto.
745 5427 1045 5496 amensamens,
1063 5429 1159 5492 Baro„
1176 5428 1295 5496 Hom,
1415 5421 1502 5474 nutu.
1520 5424 1626 5476 recent.
1645 5423 1694 5480 (=
1712 5419 1808 5482 Eurtp.
1827 5412 2009 5484 φευξόμεσθα
2027 5410 2058 5480 δὴ
2077 5403 2189 5466 Κλεωνάς
2202 5385 2304 5456 31911111

365 5495 444 5562 illm
467 5497 517 5550 Ed.
534 5501 607 5554 1001.
627 5501 720 5555 Ultro.
815 5558 823 5576 ὃ
1418 5491 1556 5558 fugiemus
1573 5487 1658 5557 igitur
1676 5487 1802 5552 inclytas
1820 5489 1955 5540 Athenas.
