4682 6098
124 1375 240 1463 nvn
307 1373 483 1464 rnrn.
519 1373 679 1464 nnn.
716 1367 1316 1512 rurnnrnnrsrro
1343 1367 1914 1462 rnonurssarruar

815 1515 1221 1610 nururrnss.¹
1525 1545 1528 1552 ¹

66 1747 129 1865 flato
141 1808 296 1886 tragoediae
313 1805 519 1884 interpretatio
537 1805 629 1864 iatine
641 1801 840 1864 Meiantbonis
859 1805 889 1864 in
905 1801 999 1866 Editt.
1015 1799 1110 1869 1558.
1124 1817 1155 1865 et
1173 1801 1268 1868 1562.
1282 1824 1371 1886 supra
1386 1805 1541 1888 descriptis
1556 1804 1721 1870 exhibetur.
1756 1806 1861 1886 atiquo
1883 1823 1922 1866 ex
1941 1815 2028 1886 parte

68 1905 124 1948 notra
136 1893 157 1950 io
175 1895 259 1955 ltdto.
274 1893 414 1953 Barnesii
434 1902 465 1950 et
477 1889 636 1968 biuegrarii
656 1891 786 1969 repetita
807 1901 868 1964 est3
890 1889 968 1948 Fixii
988 1903 1089 1951 autern
1100 1889 1157 1954 Ed.
1178 1891 1281 1950 maiori
1299 1891 1419 1971 quidem
1441 1889 1480 1953 ex
1502 1903 1589 1974 parte
1610 1893 1736 1953 eandem
1759 1893 1905 1971 sequitur,
1927 1903 2030 1952 temen

70 1977 114 2050 ng'c
126 1995 179 2054 quae
197 1979 251 2038 bae
275 1977 353 2038 duae
375 1979 411 2036 ab
432 1977 486 2036 iila
507 1977 629 2035 recedit.
650 2005 695 2022 -
730 1977 877 2035 versuum
896 1992 1035 2035 numeros
1056 1975 1302 2056 stropharnmque
1320 1979 1494 2055 partitiones
1513 1988 1545 2038 et
1564 1977 1636 2038 alias
1658 1978 1802 2058 quasdam
1825 1977 2031 2056 inscriptiones

73 2057 244 2144 iuductssas)
267 2083 309 2124 ex
329 2063 384 2124 Ed.
396 2060 519 2122 Barnes.
538 2061 690 2140 adscripsi.
725 2059 808 2122 Haec
825 2061 928 2120 veroin
948 2077 1089 2121 versum
1110 2063 1253 2122 dirisione
1275 2079 1366 2142 saepe
1387 2082 1407 2123 s
1419 2063 1567 2140 Xyiondri
1580 2065 1673 2126 Editt.
1692 2063 1805 2126 differt.
1841 2065 1929 2124 stulti
1949 2064 2032 2126 enim

76 2141 222 2212 birriarum
241 2149 416 2210 Editionum
437 2165 539 2208 versus
558 2144 589 2204 in
611 2146 733 2208 barres.
752 2148 794 2207 ita
814 2145 952 2209 ‹tisiuocoi
972 2157 1053 2220 sunt,
1073 2155 1107 2208 ut
1128 2149 1217 2210 unius
1236 2148 1302 2208 loco
1324 2149 1399 2227 dno,
1419 2149 1583 2212 duorumve
1605 2152 1671 2224 loco
1691 2159 1754 2210 tres
1774 2159 1833 2212 etc.
1853 2149 1884 2208 in
1907 2147 1964 2208 bac
1984 2149 2033 2232 le-¹

78 2236 199 2306 eruptos
219 2237 281 2298 duo
305 2252 408 2294 sersus
429 2235 460 2294 in
481 2232 588 2291 bacin
610 2249 702 2293 uaurn
723 2241 792 2292 sunt
814 2232 964 2312 copulati,
985 2230 1058 2292 alias
1078 2233 1212 2312 singulae
1234 2251 1322 2294 voces
1342 2253 1445 2296 versus
1465 2237 1496 2294 in
1517 2237 1751 2319 praecedentem
1772 2235 1821 2296 rel
1846 2236 2032 2314 subsequen·
2167 2283 2175 2299 ‚

75 2321 104 2367 teu
116 2333 184 2380 tason
204 2323 401 2400 transpositae
423 2329 501 2379 sunt.
552 2317 586 2376 1n
615 2317 728 2378 duabus
755 2315 899 2396 prioribus
927 2319 1085 2396 tragoediis
1112 2317 1189 2378 banc
1217 2319 1420 2380 diversitatem
1447 2321 1570 2400 siugulis
1599 2323 1671 2381 locis
1699 2336 1825 2404 eamque
1846 2320 1964 2399 saepius
1990 2319 2033 2379 ita

68 2393 147 2490 dotari,
161 2417 189 2465 ot
208 2409 290 2486 ipsos
302 2403 448 2464 Editionis
469 2404 559 2464 Baro.
580 2420 681 2463 versus
710 2403 843 2482 integros
865 2401 1021 2482 afferrem,
1040 2419 1079 2463 ex
1100 2405 1206 2482 quibus
1228 2407 1323 2464 lector
1344 2407 1448 2466 barum
1470 2405 1641 2466 Editionum
1662 2407 1693 2466 in
1716 2405 1847 2466 verubus
1868 2403 2034 2485 partiendis
2147 2451 2151 2456 .

66 2478 186 2550 troitotcn
206 2495 318 2554 clarius
338 2499 546 2568 cognoscerem
580 2488 610 2548 in
632 2487 695 2576 ¹bac
722 2499 821 2550 autern
850 2487 1001 2568 tragoedia
1022 2495 1064 2547 et*
1080 2491 1272 2569 sequentibus
1292 2491 1369 2551 hanc
1397 2494 1572 2553 varietatem
1593 2493 1665 2552 solis
1684 2493 1816 2554 numeris
1837 2507 1877 2549 ex
1898 2490 1954 2550 bac
1974 2489 2033 2552 Ed.

65 2563 151 2648 deripis
167 2577 376 2652 indicabimus,
404 2593 447 2636 ne
466 2575 589 2633 nimium
607 2576 695 2653 spatii
722 2575 753 2634 in
774 2573 852 2634 bane
874 2591 940 2634 aem
966 2573 1181 2654 impendamus.
1230 2577 1279 2634 Ex
1306 2575 1352 2636 iis
1368 2589 1488 2655 antem,
1513 2595 1595 2662 quae·
1612 2578 1698 2640 ruodo
1719 2577 1759 2638 de
1788 2591 1929 2643 tersum
1950 2576 2034 2638 reris

62 2655 152 2722 port...
168 2661 311 2740 dirimas,
338 2661 542 2742 consequitur,
563 2661 614 2722 ubi
634 2660 873 2736 Xylaudrearum
887 2658 1064 2732 ¹Editionurrs
1081 2679 1185 2720 uersus
1205 2661 1237 2722 in
1257 2661 1348 2724 Barn.
1369 2663 1505 2727 disiuncti
1525 2673 1612 2742 sunt,
1639 2681 1794 2726 snmus
1814 2679 1971 2741 nuptura
1993 2677 2035 2728 01

60 2731 87 2831 itt
102 2741 139 2800 Ed.
156 2752 298 2826 appositos
326 2745 406 2808 haud
435 2765 502 2806 raro
535 2757 649 2806 tantum
670 2745 709 2806 ad
736 2747 862 2806 aiteram
884 2744 970 2804 buius
991 2763 1094 2806 sersus
1137 2755 1232 2807 artem
1263 2750 1433 2828 pertinere,
1459 2747 1491 2810 id
1519 2750 1599 2832 quod
1626 2751 1790 2822 notabimur
1811 2741 2034 2830 asteriscum

58 2827 122 2884 orori
135 2835 270 2914 praefixo,
294 2849 313 2891 a
333 2851 393 2916 qua
413 2833 515 2912 incipit
536 2850 657 2908 tersus,
679 2831 727 2890 eui
744 2829 793 2889 bic
814 2848 954 2890 numerus
973 2829 1005 2888 in
1026 2829 1082 2892 Ed.
1165 2850 1227 2893 nes.
1250 2831 1414 2916 adscriptus
1437 2836 1505 2914 e'st,
1526 2852 1555 2895 e.
1579 2853 1605 2898 c.
1636 2889 1640 2898 .
1904 2821 1907 2835 ’

400 2917 487 2989 610.
521 2921 614 2989 Eteo.
646 2915 720 3010 Qui
743 2919 899 2988 oderunt
921 2927 967 2986 te.
992 2909 1015 2951 ¹¹
1063 2919 1136 2989 Pol.
1167 2915 1391 3012 Expellirnur
1415 2947 1434 2991 c
1457 2922 1588 3013 patria.

54 3001 151 3076 ffitcrin
168 3019 265 3084 tersus
288 3017 383 3084 noio.
405 3017 550 3098 Xyiandr.
572 3021 604 3079 in
625 3017 683 3084 Ed.
704 3017 794 3079 Baro.
816 3019 858 3077 sic
879 3025 925 3077 est
944 3015 1122 3078 disiunctusr

778 3107 873 3176 Eieo.
903 3102 976 3198 Qui
1001 3107 1156 3173 oderunt
1179 3115 1227 3175 te.

654 3206 742 3279 010.
783 3209 859 3278 Pot.
878 3201 1103 3300 Expeilimur
1124 3231 1143 3275 e
1164 3205 1294 3296 patria.

53 3289 84 3352 ta
97 3301 211 3369 itmodi
230 3309 426 3371 diuinam
444 3309 532 3370 stiam
554 3319 685 3370 natatus
705 3308 779 3369 ordo
800 3309 960 3367 verborum
981 3307 1112 3384 accedit,
1134 3309 1305 3370 asteriscum
1327 3309 1356 3370 ei
1376 3309 1578 3391 praefigentes
1595 3307 1663 3370 roei
1669 3351 1681 3384 ‚
1704 3325 1723 3368 a
1743 3323 1802 3388 qen
1829 3300 1932 3366 tou.
1946 3300 2037 3369 nors

52 3395 131 3459 aaa·
148 3412 244 3459 sersus
264 3396 431 3477 inciperet,
450 3397 478 3456 si
496 3395 653 3456 verborum
675 3395 748 3458 ordo
769 3413 831 3456 non
849 3401 979 3457 mutam
1001 3401 1150 3465 essene.
1172 3413 1200 3455 c.

318 3540 323 3550 ,
365 3543 368 3548 .
496 3555 500 3561 ,
581 3482 670 3558 200.
697 3482 732 3549 Ο
753 3478 855 3552 Iovis·
867 3479 939 3553 filia
963 3473 985 3516 *
1006 3480 1202 3553 sustineam
1225 3481 1447 3554 servitutem.

49 3563 118 3636 ΗΔ·
131 3578 210 3646 Barn.
230 3585 315 3646 enim
334 3583 383 3644 bic
404 3599 507 3647 tersus
525 3583 557 3645 in
578 3583 654 3644 duos
673 3593 720 3644 est
739 3583 868 3662 pertitus
888 3581 992 3643 ordine
1013 3581 1170 3642 verborum
1189 3581 1232 3644 sic
1253 3593 1383 3646 mutator

806 3667 841 3738 0
861 3663 957 3739 lovis
977 3667 1051 3738 filia
1072 3666 1192 3738 Diana

640 3751 644 3764 ¹
690 3769 780 3846 200.
807 3769 1023 3841 servitutem
1049 3769 1257 3844 sustineam.

50 3851 154 3928 Uiitero
173 3867 319 3953 Stropiss
344 3873 442 3953 eliqua
461 3869 605 3934 Editionis
632 3871 723 3936 Barn.
751 3872 886 3932 emedio
913 3889 1002 3932 versu
1023 3870 1193 3934 Editionunr
1214 3871 1361 3950 Xylandr.
1382 3871 1515 3952 orditur,
1542 3867 1620 3930 bano
1647 3866 1867 3946 inscriptionem
1896 3855 2038 3924 dusmodi

51 3951 349 4106 ffirppminipnediip
370 3961 551 4105 ipsepemus,
572 3957 626 4020 scd
647 3959 765 4038 integro
786 3954 1059 4038 superscribernus',
1080 3975 1214 4019 araceus
1228 3951 1287 4044 (†)
1300 3959 1328 4019 ei
1348 3976 1450 4020 versus
1472 3958 1536 4018 roci
1557 3953 1775 4036 praefigentes,
1795 3969 1813 4012 a
1831 3965 1895 4082 qus
1908 3944 2039 4026 &rophe
2093 4017 2098 4026 Ι

204 4089 212 4107 ι
266 4065 356 4129 up,
396 4085 407 4108 ο
844 4123 1187 4226 [Astistropbe]

452 4263 521 4360 (vs.
545 4263 651 4362 221.)
682 4259 872 4356 Optimum
897 4259 1102 4332 stridorem.
1123 4256 1151 4342 †
1175 4258 1296 4332 Electa
1323 4287 1365 4332 ex
1388 4261 1477 4333 urbe
1499 4281 1579 4340 mea

44 4341 94 4412 istc
111 4363 178 4423 enirn
199 4366 228 4425 in
250 4365 310 4429 lto.
329 4365 420 4430 Barn.
442 4369 485 4429 sic
506 4367 663 4446 leguntur:

734 4443 1041 4524 'Pulcherrimum
1067 4442 1273 4520 stridorem.

905 4568 1156 4658 Amtoropte..

41 4785 58 4828 a
740 4686 840 4758 Urbe
864 4699 983 4760 autern
1007 4687 1118 4758 electa
1142 4709 1185 4756 ex
1209 4708 1301 4769 mea,

904 4867 1124 4974 [Erotem]

43 5087 145 5166 ΗΜ
177 5109 236 5171 de·
413 5007 482 5104 (vs.
506 5005 611 5105 Μ)
638 5001 681 5076 1¹²
704 5002 878 5076 sacrificio
902 5001 1053 5078 Phoebi.
1079 5003 1107 5089 †
1131 5004 1165 5076 Ο
1186 5003 1375 5098 splendens
1397 5015 1499 5097 petra
1524 5001 1618 5095 ignis

807 5187 849 5260 ln
873 5191 1046 5264 sacrificio
1059 5188 1222 5265 Phoebi.

740 5375 745 5384 .
946 5315 1091 5406 Epodtts.

575 5537 579 5547 Ι
640 5461 644 5476 ·
750 5427 785 5503 Ο
816 5435 1006 5526 splendens
1044 5442 1147 5524 petra
1175 5427 1268 5522 ignis
