4780 6102
59 211 141 286 005
480 202 570 276 Llll.
629 201 1028 282 IN'I'ERPRETA‘I'IO
1053 200 1420 278 ANDROMACIIES
1443 199 1694 277 EURIPIDIS.
2038 211 2113 282 006

114 385 182 454 Sed
211 395 294 454 sunt
315 379 383 454 itta
406 376 472 448 tibi
494 375 638 470 quidem
662 380 899 471 ignoscenda,
925 385 988 456 sed
1011 395 1064 452 ta·
1168 377 1301 448 Curam
1316 371 1484 462 habebit,
1510 389 1546 446 et
1561 399 1635 446 nou
1654 389 1706 448 est
1722 401 1841 448 meum
1859 391 2013 452 statuere
2032 375 2111 451 boc.

476 503 562 548 meu
584 484 754 553 convenit
1115 480 1191 554 990
1213 480 1283 551 Sed
1298 504 1407 574 quam
1422 480 1580 574 primum
1596 479 1711 550 abduc
1726 504 1784 550 me
1798 504 1840 550 ex
1858 479 1933 553 istis
1954 483 2112 566 aedibus,

112 590 285 660 Mulieres
301 609 433 658 ornare
450 582 642 656 muliebres
656 599 815 660 naturas.
1166 583 1220 656 Ne
1244 595 1446 656 antevertat
1465 608 1523 655 me
1547 583 1717 654 accedens
1740 585 1787 654 ad
1810 584 1959 655 domum
1988 597 2023 656 et
2053 611 2111 656 vc-

114 699 194 767 ore.
222 690 401 784 „Sapiens
417 709 475 758 res
493 685 656 772 estsine,
683 690 746 784 qui
762 692 885 763 docuit
899 683 1064 760 homines
1522 682 1625 758 niens
1644 685 1814 772 maritus,

113 795 283 880 „Audire
297 814 481 866 sermones
497 812 517 856 a
533 791 735 862 contrariis.
1165 787 1233 858 Vel
1248 789 1469 858 deserentem
1485 811 1543 856 me
1558 789 1707 861 domum
1725 790 1790 862 filii
1804 787 1995 862 resciscens

58 903 138 972 960
165 898 242 990 Ego
274 897 370 968 enim
386 891 513 966 'sciens
547 893 856 983 perturbationem
885 887 993 963 huius
1012 889 1064 958 Ia·
1165 891 1292 962 Peleus
1307 901 1543 985 persequatur
1559 895 1716 987 equestri
1728 891 1986 986 persecutione.

478 994 620 1078 miliae,
1167 998 1245 1068 ore.
1274 994 1442 1078 Coufide,
1469 993 1563 1065 senis
1578 1019 1726 1066 manum
1747 1011 1781 1067 et
1796 992 1944 1067 Achillis

111 1109 161 1178 Et
175 1098 273 1176 tuain
292 1103 391 1172 litem
411 1112 446 1168 et
459 1099 581 1168 uxoris
598 1097 782 1181 Hectoris,
963 1137 966 1142 ⁴
1115 1093 1191 1170 995
1215 1097 1348 1170 Filium
1363 1120 1438 1166 non
1454 1108 1610 1184 metuas,
1638 1100 1700 1194 qui
1716 1123 1774 1170 me
1788 1099 1920 1186 iniuria
1938 1099 2070 1170 affecit.

111 1209 356 1302 Expectabam
374 1199 510 1272 babens
527 1201 726 1284 custodias,
751 1225 798 1270 an
814 1195 871 1270 Iric
888 1223 1063 1282 maneres,
1165 1201 1257 1272 Nam
1276 1201 1363 1272 tales
1378 1199 1529 1270 insidiae
1545 1200 1578 1270 ei
1593 1215 1677 1272 sunt
1691 1215 1866 1286 structae,

109 1321 171 1387 An
190 1308 442 1406 perterrefacta
460 1316 559 1374 metu
574 1305 735 1397 captivae
1164 1303 1229 1374 Est
1246 1303 1285 1372 in
1299 1303 1436 1399 laqueis
1451 1303 1758 1396 inexplicabilibus
1772 1305 1869 1375 necis

113 1414 279 1486 Mulieris
297 1411 404 1482 velles
420 1407 600 1476 discedere
617 1432 659 1477 ex
675 1403 743 1476 bac
759 1408 883 1476 domo.
1166 1407 1242 1476 llac
1255 1431 1368 1477 manu
1382 1405 1527 1499 positis,
1553 1407 1697 1502 quasoe)
1714 1408 1814 1500 prius
1828 1430 1903 1478 non
1922 1407 2053 1478 dicam.

60 1519 139 1593 965
166 1517 260 1588 Veni
275 1538 350 1584 uon
368 1521 558 1602 expectans
573 1522 651 1579 tuas
668 1508 856 1602 epistolas,
1165 1509 1233 1580 Sed
1255 1510 1411 1602 perlecta
1426 1533 1486 1594 re,
1509 1509 1597 1582 sciet
1610 1507 1782 1604 Delphica
1800 1523 1915 1604 petra.

112 1623 162 1694 Et
178 1621 210 1692 si
224 1617 390 1690 redderes
406 1616 605 1696 rationem,
632 1612 724 1682 sicut
743 1609 881 1693 reddis,
1117 1613 1215 1685 1000
1241 1611 1433 1682 Matricida
1452 1625 1570 1684 autem
1589 1613 1636 1708 (si
1651 1614 1829 1686 sociorum
1848 1637 2012 1684 meorum

111 1727 257 1797 Mittam
274 1735 308 1792 te
325 1721 370 1790 ab
387 1713 443 1788 bis
459 1715 617 1787 aedibus.
655 1715 748 1788 Nam
768 1737 849 1784 cum
865 1711 966 1804 prius
983 1733 1062 1781 mea
1164 1716 1325 1789 Foedera
1342 1714 1542 1786 manserint
1557 1717 1658 1786 firma
1676 1717 1825 1788 interra
1842 1712 2011 1810 Pythice)

477 1841 591 1901 esses,
1164 1819 1340 1891 Ostendet
1356 1817 1407 1902 ei,
1434 1843 1479 1888 ne
1497 1819 1624 1904 ducat,
1651 1844 1759 1914 quam
1778 1845 1843 1911 ego
1861 1819 2057 1897 debebam,

109 1931 262 2004 liabitas
279 1951 359 1998 cum
376 1926 446 1997 isto
463 1921 541 1991 viro
556 1919 705 2013 perfidia
723 1919 776 1990 tui
791 1917 924 2012 patris,
1163 1923 1237 1994 Suo
1251 1922 1348 1990 malo
1368 1920 1545 2017 poscetffl)
1562 1947 1716 2014 poenam
1732 1937 1905 2016 paternae
1921 1921 2018 1994 necis

116 2037 208 2130 Qui,
236 2031 446 2126 priusquam
464 2026 624 2094 facerent
646 2023 886 2116 irruptionem
911 2019 949 2087 in
974 2018 1061 2088 fluet
1162 2027 1196 2096 Α
1210 2050 1292 2120 rege
1308 2019 1475 2105 Phoebo;
1502 2049 1619 2118 neque
1635 2025 1736 2096 illum
1752 2026 1905 2098 mutatio

477 2126 633 2210 Troiae,
1115 2125 1215 2203 1006
1239 2126 1363 2202 Animi
1381 2126 1534 2211 iuvabit,
1558 2129 1705 2198 dantem
1720 2154 1817 2202 nunc
1832 2151 1966 2222 poenas
1980 2123 2077 2204 Deo,

72 2246 141 2318 970
165 2239 277 2310 Dedit
293 2249 328 2308 te
345 2227 435 2304 mihi
455 2255 622 2310 uxorem;
650 2243 685 2298 ct
699 2241 821 2322 postea
838 2224 1006 2319 promisit
1164 2234 1234 2306 Sed
1249 2257 1292 2304 er
1307 2231 1370 2302 illo
1386 2243 1422 2302 et
1435 2255 1514 2301 mea
1529 2231 1755 2304 accusatione

114 2347 220 2420 Nunc
248 2354 283 2412 te
307 2336 473 2417 babenti,
507 2333 539 2404 si
571 2343 790 2426 expugnaret
817 2332 944 2402 urbem
969 2327 1062 2398 Tro·
1164 2337 1260 2407 Male
1276 2334 1427 2430 peribit,
1454 2346 1623 2427 agnoscet
1637 2357 1755 2408 meam
1771 2331 2009 2406 inimicitiam.

478 2437 612 2506 lanam·
1164 2440 1287 2528 „Nam
1317 2439 1480 2510 virorum
1504 2437 1735 2510 inimicorum
1756 2440 1869 2512 fatum
1897 2436 1934 2506 in
1961 2457 2108 2506 conver·

112 2555 311 2644 Postquam
330 2542 437 2614 rediit
454 2535 522 2610 buc
543 2539 637 2610 filius
650 2533 817 2620 Achillis,
1526 2539 1665 2613 sionem

113 2646 350 2746 Expostulavi
364 2671 446 2716 cum
464 2655 527 2713 tuo
543 2655 664 2734 patre,
691 2653 727 2710 et
739 2641 847 2711 istum
864 2637 1050 2730 rogabam,
1164 2643 1292 2732 „Deus
1308 2645 1390 2729 dat,
1415 2653 1451 2713 et
1463 2665 1539 2714 non
1554 2643 1640 2716 sinit
1654 2643 1852 2738 superbire.

115 2760 167 2828 Ut
192 2753 411 2848 relinqueret
433 2759 534 2816 tuum
556 2745 795 2827 connubium,
819 2742 942 2813 dicens
964 2763 1062 2810 meas
1320 2749 1325 2758 '
1460 2790 1673 2894 [strophe
1701 2791 1762 2895 1]

67 2963 141 3039 975
166 2961 213 3034 Et
228 2967 431 3052 praesentes
447 2873 757 3049 suiiiilsslplrod
774 2949 934 3039 cognatis
1116 2923 1215 2995 1⁰1⁰
1243 2922 1342 2993 11101·
1368 2912 1584 3006 01111οθ118,
1608 2919 1671 3014 qui
1688 2919 1902 2992 muniisliiu
1915 2916 1981 2992 Illo

117 3069 180 3152 „A
198 3062 285 3134 viris
299 3081 441 3153 possem
463 3057 593 3124 ducere
615 3077 784 3138 uxorem,
820 3050 964 3120 aliunde
986 3070 1061 3116 non
1162 3024 1261 3143 Βθῐξθ
1279 3019 1459 3140 munitum
1475 3021 1614 3140 vicu-¹¹¹,
1646 3036 1682 3142 el
1698 3023 1870 3117 Neptune·

479 3157 603 3241 facile,
1164 3128 1236 3221 Qut
1250 3121 1391 3195 vebcrts
1406 3123 1577 3195 caeruleis
1598 3149 1699 3219 equis

115 3272 287 3344 Eronos
301 3267 346 3336 ab
372 3237 537 3344 aedibus,
571 3258 676 3356 quale
707 3254 851 3328 erilium
880 3279 945 3348 ego
976 3278 1060 3324 eru·
1163 3231 1235 3301 Per
1249 3227 1432 3346 marium?
1450 3227 1618 3318 Pelagus,

482 3363 615 3433 labam.
1164 3333 1286 3427 Quare
1303 3341 1496 3424 gratuitam
1510 3330 1677 3400 laboran-

117 3477 179 3549 Ille
195 3486 274 3544 erat
291 3465 570 3542 contumeliosus
585 3465 623 3534 in
640 3487 762 3533 necem
780 3485 881 3532 meae
898 3460 1035 3544 matris,
1115 3432 1214 3512 1015
1239 3448 1312 3554 ²0}ss
1328 3457 1477 3553 mamm}
1495 3434 1604 3552 miri
1620 3433 1761 3504 artificii

113 3582 163 3654 Et
175 3577 288 3652 lurias
304 3571 545 3666 exprobrabat
557 3564 658 3638 mihi.
1163 3539 1274 3610 Martt
1289 3538 1475 3636 pugnandi
1489 3549 1607 3630 pento
1624 3539 1835 3630 prodentes,

65 3689 141 3762 900
166 3685 213 3756 Et
228 3701 294 3772 ego
311 3675 469 3747 abiectus
482 3672 676 3744 domestica
692 3670 858 3751 fortuna,
1163 3641 1373 3738 Reliquistis
1387 3641 1556 3712 miseram
1572 3640 1740 3712 miseram
1760 3633 1937 3710 Troiam?

115 3788 293 3860 Dolebam
311 3779 478 3876 quidem,
504 3776 691 3859 dolebam,
716 3773 780 3846 sed
797 3770 946 3842 tenebar
968 3769 1061 3839 cala·
1403 3771 1726 3878 [Anpmwppe
1755 3771 1815 3874 1⁸]

473 3879 617 3966 milite,
691 3979 700 3996 ι
826 3977 835 3994 ·
1165 3899 1213 3972 Et
1225 3899 1400 3994 plurimos
1415 3897 1454 3967 in
1468 3896 1590 3967 littore
1607 3897 1654 3966 ad
1668 3897 1888 3968 Simoentem

113 3995 163 4066 Et
180 3991 344 4084 privatus
360 3985 431 4058 tuis
445 3983 599 4075 nuptiis,
626 3981 760 4050 invitus
778 3977 932 4048 abibam.
1162 4003 1354 4098 Equestres
1370 4025 1496 4072 currus
1510 3997 1692 4083 junxistis,

112 4101 221 4172 Nunc
238 4089 411 4189 ‘limiam
429 4102 490 4158 ¹⁰³
510 4098 563 4156 ²³²
576 4105 745 4156 ‘mmm
764 4081 929 4164 smum’
1113 4108 1212 4182 1020
1237 4103 1286 4176 Et
1298 4103 1494 4176 certamina
1512 4101 1632 4172 letalia
1649 4101 1811 4171 virorum

112 4201 162 4274 Et
177 4224 213 4272 es
226 4197 265 4268 in
278 4191 454 4288 angustia,
469 4187 631 4259 incidens
646 4187 684 4256 in
699 4179 792 4255 banc
806 4183 1059 4262 calamitatem,
1161 4207 1336 4282 posuistis
1351 4205 1427 4278 sine
1442 4205 1605 4290 coronis,

60 4305 138 4380 986
164 4303 303 4373 Ducam
320 4310 357 4368 te
369 4297 415 4366 ab
430 4291 596 4412 aedibus,
622 4303 658 4361 et
679 4289 828 4360 reddam
851 4287 889 4356 iu
909 4307 1058 4356 manum
1159 4313 1206 4385 Ep
1222 4311 1388 4383 abietum
1403 4305 1539 4379 mortui

473 4408 597 4488 911113·
832 4491 841 4508 ‚
1030 4489 1039 4504 ‚
1160 4417 1258 4488 Iliaci
1277 4439 1333 4484 re-

112 4501 380 4600 „Cognatio“)
405 4499 557 4570 multum
591 4507 726 4590 potest;
767 4505 802 4562 ct
831 4516 869 4560 m
899 4492 1058 4560 adversis
1160 4545 1241 4613 ἔω
1266 4539 1383 4612 neque
1400 4511 1554 4606 ampliu,
1571 4507 1663 4602 531,ss
1678 4507 1717 4578 fn
1733 4529 1794 4577 m
1810 4501 1944 4575 Troiae

473 4601 579 4670 rebus
1113 4619 1211 4699 1025
1237 4619 1317 4692 Diis
1331 4621 1425 4689 lucet
1437 4619 1539 4687 sumo
1556 4616 1721 4697 odorato.

114 4709 249 4801 „Nihil
266 4707 392 4780 melius
406 4717 459 4776 est
477 4713 630 4794 cognato
646 4697 774 4768 amico.
1451 4743 1670 4846 [S‘rophe
1694 4747 1756 4830 2.]

109 4825 232 4894 rtem.
257 4806 556 4906 Desponsationis
570 4826 671 4876 meae
686 4811 790 4895 pater
805 4819 907 4867 meus
1232 4871 1255 4890 ..
1755 4861 1763 4878 ·
1816 4859 1825 4876 .

1159 4875 1274 4946 Perut
1288 4869 1538 4962 Agamemnon
1555 4887 1666 4936 manu
1682 4885 1862 4952 coniugis,

48 4991 268 5020 ——----
1161 4977 1206 5048 Et
1224 4977 1298 5067 ipsa
1318 4969 1490 5065 persolvit
1508 4971 1650 5040 caedem
1671 4991 1733 5038 sua
1751 4989 1836 5034 nece

86 5091 141 5156 911)
160 5075 442 5154 praesentaturus]
460 5071 594 5127 stertat.
604 5065 681 5121 1068.
713 5063 807 5128 Ibam
824 5063 918 5126 llam,
936 5061 1056 5123 noega:

128 5157 307 5226 praesentent
323 5147 432 5201 motum
450 5145 627 5202 daemonem)
657 5101 734 5188 rixa
767 5133 943 5198 praesentem
963 5129 1056 5180 tortu·
1111 5125 1210 5138 ··“'
1267 5119 1315 5130 ⁶

127 5241 192 5282 nn
210 5221 319 5286 (Eurlp.
337 5211 387 5268 τόν
403 5208 530 5280 παρόντα
548 5199 689 5276 δαίμον’).
1140 5205 1191 5264 ω]
1208 5211 1277 5265 quas
1292 5193 1470 5257 (Malam
1493 5191 1538 5242 elo
1550 5189 1636 5242 uuttt.
1655 5187 1779 5250 resenas
1809 5183 1894 5234 utttt.
1914 5179 2007 5244 15110,
2027 5176 2101 5228 1061.

89 5319 368 5464 ’utalaae
381 5299 843 5444 ‘nftatftattttfflt
856 5301 944 5436 tta
961 5299 1082 5418 tlte»
1139 5257 1889 5422 »113111ἱί1ἶὲ111111111111110,
1907 5337 2000 5398 a...
2022 5333 2099 5384 a...

129 5469 226 5534 tuas„
245 5461 321 5516 tm.
339 5459 364 5510 b.
383 5456 403 5510 t.
422 5453 524 5522 tegttur
539 5461 610 5503 vura
632 5443 761 5514 Oogncss.
1078 5420 1083 5490 l
1175 5439 1271 5495 gran,
1289 5421 1366 5484 Biz-t
1389 5418 1439 5472 Ed.
1460 5415 1534 5469 1010
1551 5414 1658 5480 posset.
