4844 6122
276 208 328 284 'ii
854 203 979 278 lilills.
1012 205 1128 279 MEL.
1141 220 1146 237 '
1159 205 1366 280 ancwin
1399 207 1741 286 efflouumcn
2284 223 2344 295 80

276 395 483 474 temporum
499 376 709 462 duodecim,
743 389 778 448 et
801 378 901 450 locus
924 381 1143 474 praecedens
1163 381 1278 453 tribus
1328 382 1558 452 convertienti
1579 386 1764 456 ordiemur
1783 385 1803 458 a
1833 391 1958 480 ligura·
1978 405 2014 462 et
2043 384 2341 470 conformatione

275 481 376 556 boris
405 483 655 576 inaequalibus
684 483 730 550 ab
758 495 914 576 utroque
944 483 1092 556 cardine
1119 485 1279 568 dissidet,
1329 487 1514 578 eorporis,
1542 500 1733 579 propterea
1752 495 1858 588 quud
1874 507 2006 568 natura
2020 495 2120 587 priua
2136 500 2284 596 lingitur
2303 469 2347 572 ei

276 612 369 682 qnae
387 599 472 658 scrut
486 585 634 657 dimidia
651 609 735 677 pars
751 582 998 658 desexboris:
1034 589 1195 658 detracto
1214 589 1289 680 igi-¹
1328 589 1508 658 formatur
1524 615 1694 684 corpore,
1722 621 1831 688 quam
1858 597 1979 666 anima
2005 612 2043 667 et
2070 623 2221 694 eorpus,
2248 606 2340 698 quia

275 689 502 764 mruimidto
517 691 624 760 etiam
641 693 685 758 de
698 689 886 761 cardinum
912 691 1138 775 differentia,
1172 693 1278 760 nimi-
1329 693 1474 762 densius
1501 700 1813 789 emungentes
1844 724 1863 768 a
1899 701 2015 791 prima
2045 704 2187 795 origine
2210 709 2339 778 statim

277 819 360 866 rum
390 819 432 864 er
459 791 671 876 duodecim,
708 817 825 886 eoque
847 793 904 862 vel
930 796 1203 864 circummodato
1233 798 1278 866 ad
1329 796 1864 872 suae-mixturaenotashabet.
1924 801 2054 872 Anima
2072 810 2232 880 nonnisi
2251 820 2346 901 post

277 897 539 992 quirtquaginta
563 908 665 979 octo,
702 897 757 964 vel
779 897 954 968 subducto
975 923 1018 968 ex
1041 899 1279 989 septuaginta,
1331 898 1519 992 aliquanto
1554 915 1589 968 et
1621 903 1791 988 obscure,
1828 898 2019 996 impressas
2053 909 2121 978 sibi
2156 935 2175 980 a
2212 915 2339 1004 prima

277 1024 457 1072 excessum
489 999 670 1090 sexaginta
692 1011 861 1093 »quatuor
894 1014 1098 1092 temporum
1136 1003 1278 1092 collige·
1330 1026 1435 1071 cansa
1463 1001 1559 1073 vires
1579 1007 1729 1094 profert.
1782 1008 1884 1098 Quae
1910 1031 1997 1081 vero
2021 1025 2119 1080 extra
2145 1037 2211 1086 nos
2237 1030 2340 1099 sunt,

277 1127 370 1178 mus.
431 1103 471 1172 si
492 1127 579 1172 vero
600 1102 739 1174 duabus
760 1103 1010 1198 inaequalibus
1031 1100 1131 1176 horis
1158 1107 1203 1174 ab
1229 1106 1278 1174 al·
1330 1129 1522 1196 progressu
1541 1107 1713 1199 temporis
1729 1111 1877 1180 dunum
1896 1113 2072 1182 accidunt.

276 1219 417 1278 tunultu
442 1207 629 1279 cardinum
653 1207 809 1290 sibimel,
849 1233 931 1280 cum
957 1210 1048 1278 ditae
1070 1203 1180 1282 horae
1207 1208 1280 1280 sint
1432 1224 1681 1320 Contemplgri
1699 1239 1817 1300 autem
1836 1243 1979 1322 oportet
2001 1227 2185 1300 cardinem
2212 1235 2339 1302 orien-

278 1311 389 1380 triens
404 1305 577 1380 horarum
594 1335 676 1394 sex,
704 1309 832 1380 utente
850 1335 893 1380 ex
913 1311 1101 1384 duodecim
1123 1309 1276 1406 (quanta
1332 1327 1376 1397 us
1408 1340 1444 1397 et
1463 1333 1707 1415 succedentes,
1741 1347 1803 1403 aut
1827 1335 2008 1425 planetas,
2039 1333 2102 1428 qui
2125 1331 2337 1428 horoscopo

277 1413 989 1533 “ttlllfflfessfifltnglllttfflfflffltdttcw,
1014 1417 1278 1510 enquevelad·
1332 1417 1556 1522 praesident,
1596 1459 1638 1503 eo
1671 1457 1743 1528 quo
1777 1436 1932 1506 diximus
1963 1438 2093 1520 modo,
2135 1438 2254 1532 aliqua
2290 1461 2341 1506 ex

278 1517 755 1636 iectogumquagmtaunetu
780 1519 1023 1610 temporibus,
1054 1521 1086 1588 δί
1108 1519 1275 1588 (Ιῑὸῑίὶῐὶῑὶἃ
1330 1549 1432 1624 parte
1448 1549 1483 1604 et
1497 1535 1651 1609 Lunanr.
1704 1538 1848 1608 Etenim
1865 1524 1907 1608 err
1920 1538 2197 1621 vitormatrice,
2234 1541 2341 1610 etad

278 1622 436 1690 amedu
453 1621 553 1690 coelo
572 1632 796 1701 aestimatum
824 1623 885 1691 vel·
897 1623 1065 1715 antecapto
1080 1645 1122 1690 ex
1136 1637 1278 1714 septua-
1331 1638 1539 1707 alterutram
1571 1641 1724 1732 speciem
1750 1667 1813 1711 seu
1835 1638 2022 1734 pulchram
2046 1645 2110 1712 sen
2131 1644 2340 1712 deformem

277 1723 376 1816 ginta
393 1723 635 1816 temporibus,
665 1723 694 1794 si
719 1725 763 1794 ab
789 1749 916 1796 occasu
941 1726 1168 1796 intervallum
1194 1750 1278 1796 rou·
1330 1739 1552 1810 efficiendam
1568 1744 1811 1835 proprietate,
1838 1769 1918 1815 cum
1942 1741 2074 1815 horum
2097 1745 2251 1816 duorum
2278 1747 2340 1815 10.

277 1829 472 1898 sideretur:
508 1839 764 1920 congruentem
790 1827 844 1896 illi
866 1829 951 1899 situi
977 1853 1167 1900 numerum
1193 1853 1277 1896 eon·

277 1929 447 2000 finiemus.
520 1930 598 2000 lloc
625 1932 735 2000 modo
769 1931 1039 2001 interiectorum
1070 1944 1275 2022 temporum

277 2033 489 2124 magnitudo
508 2034 765 2106 convenienter
779 2036 1052 2127 pervestiganda
1067 2046 1131 2104 est.

379 2153 632 2225 Discernemus
659 2179 746 2223 vero
765 2155 945 2248 ¹deinceps
978 2157 1022 2224 ab
1059 2175 1277 2246 unaquaque

275 2261 540 2352 praedictarum
577 2258 825 2328 obviationum
854 2273 916 2328 aut
936 2255 1201 2326 demersionem
1224 2255 1277 2322 in·

276 2361 490 2432 terfeetriees
517 2374 580 2431 aut
602 2362 858 2432 climactericas
883 2361 1015 2430 aliasve
1045 2358 1279 2428 transitiones

276 2465 422 2549 urdine,
462 2478 606 2558 sumpto
637 2465 741 2534 initio
769 2463 901 2546 abiis,
943 2485 1035 2558 qnae
1064 2461 1276 2532 brevissimo

276 2582 438 2660 tempore
461 2569 656 2652 finiuntur,
683 2572 874 2660 propterea
902 2569 999 2659 quod
1021 2561 1077 2636 bis
1100 2564 1277 2647 obviatio-

275 2674 412 2748 oeevel
429 2672 657 2762 affliguntur,
684 2671 741 2738 vel
757 2671 950 2752 iuvantur,
978 2671 1141 2753 adeum,
1168 2693 1275 2762 quem

274 2776 445 2858 diximus,
470 2776 639 2852 modum,
666 2785 742 2841 tum
758 2786 909 2865 propter
922 2771 1055 2842 exitum
1070 2785 1274 2864 temporum

275 2879 435 2974 qualibet
450 2876 659 2950 obviatione
672 2875 965 2967 significatorum.
1010 2875 1161 2947 Afflictis
1179 2876 1275 2946 enirn

274 2979 362 3053 loeis
379 2995 414 3053 et
430 2981 467 3048 in
486 3003 664 3052 annorum
680 2979 777 3049 exitu
793 2979 902 3050 stellis
916 2979 1154 3051 insidentibus
1171 3002 1276 3072 prae·

275 3085 493 3180 cipualoea‚
520 3095 674 3152 mortem
702 3095 856 3164 certam;
893 3083 924 3154 si
950 3107 1036 3152 vero
1062 3085 1275 3154 alterutrum

274 3188 462 3282 liorumss)
485 3187 680 3280 opituletur
704 3201 855 3258 naturae
878 3183 1061 3257 humanae
1084 3187 1276 3272 laboranti,

276 3317 426 3384 magnos
443 3293 595 3362 assultus
620 3303 655 3359 et
679 3293 918 3382 periculosos;
953 3291 982 3359 si
1005 3304 1200 3384 utriunque
1222 3291 1275 3358 iu-

277 3411 354 3479 vet,
381 3399 572 3486 languores
589 3407 748 3478 tantmn,
776 3407 838 3464 aut
855 3407 1094 3478 nocumenta,
1122 3395 1179 3462 vel
1195 3417 1276 3463 eva-

276 3501 471 3580 cuationes,
498 3521 590 3592 quae
607 3497 787 3580 desinunt,
814 3509 1001 3590 expectare
1016 3510 1171 3590 oportet.
1206 3498 1275 3568 Sed

277 3603 397 3700 qualia
416 3597 504 3674 baec
518 3601 636 3671 fertura
654 3601 744 3685 sint,
770 3627 813 3672 ex
829 3603 991 3672 locorum
1011 3601 1274 3671 oeecnrentinm

276 3705 486 3776 habitudine
503 3719 610 3799 atque
633 3705 881 3776 convenientia
908 3708 953 3774 ad
976 3706 1160 3796 geniturae
1182 3706 1276 3796 pusi-

276 3823 333 3882 tus
352 3809 603 3899 colligendum.
656 3805 755 3880 Niltil
779 3834 865 3879 vero
890 3805 1078 3902 probibet,
1112 3808 1199 3902 quin
1223 3809 1276 3876 ina

277 3917 418 3984 tardum
436 3913 689 3983 dissidentibus
713 3913 777 3996 iis,
809 3937 920 4005 penes
943 3939 1033 4007 quos
1055 3923 1106 3982 est
1128 3913 1277 3982 faeraltas

278 4017 527 4100 interimendi,
566 4029 759 4086 eventuum
789 4013 1052 4086 vehementiam
1079 4029 1142 4084 aiut
1166 4017 1277 4084 imbe-

277 4121 458 4190 cillitatem
481 4119 675 4190 coniectari
698 4119 896 4212 possimus,
940 4135 1002 4190 aut
1035 4120 1183 4211 singulis
1215 4122 1277 4189 ub-

278 4224 496 4296 viationibus
515 4225 712 4294 observatis
729 4237 764 4293 et
778 4225 992 4308 aestimatis,
1028 4237 1090 4293 aut
1108 4224 1149 4292 iis
1166 4225 1277 4292 inaexi-

278 4339 358 4408 rire,
387 4349 479 4420 quae
496 4328 552 4396 vel
569 4330 613 4395 ad
632 4340 799 4410 eventus,
814 4353 946 4421 eaque,
973 4351 1069 4422 quae
1081 4340 1275 4420 sequutura

279 4443 382 4513 suut,
425 4430 619 4521 plurimum
652 4455 719 4522 pro
752 4431 883 4500 virium
914 4431 1161 4524 magnitudine
1195 4455 1279 4499 cou-

278 4537 419 4616 ferunt,
445 4534 500 4600 vel
519 4531 1001 4605 incaeterisobviationibus
1021 4535 1188 4604 omnibns
1204 4534 1276 4602 vim

281 4637 512 4730 praecipuam
531 4632 675 4706 babent.

422 4843 476 4918 De
498 4839 611 4929 fumo
636 4847 670 4910 rt
694 4849 954 4929 temperamento
975 4845 1138 4930 eorporis.

282 4980 285 4991 ¹
382 4993 555 5064 Absoluta
582 4996 626 5062 cle
652 4991 745 5094 vitae
769 4994 886 5087 spatio
909 4994 1142 5080 tractatione,
1184 5019 1280 5066 rrunc

168 5157 172 5163 ,
280 5095 534 5206 particularem
576 5095 797 5198 reliquorum
837 5097 1110 5192 explicationem
1153 5100 1279 5170 ordine

315 5280 365 5392 it)
383 5335 549 5384 atterutrum
572 5334 683 5393 tortam]
709 5333 760 5386 Ed.
784 5333 858 5384 tout.
882 5333 1047 5385 atterutrum
1072 5337 1168 5386 burun
1192 5334 1280 5398 [Ptol.

350 5401 400 5452 rori
418 5398 446 5453 di
471 5397 566 5468 {ripun
590 5395 713 5466 rodruug
746 5401 912 5452 Tobeldlnos
936 5405 1003 5454 beer
1029 5405 1281 5456 sortirenturue

350 5474 469 5524 totorum
485 5473 617 5538 dmrunc
640 5472 772 5536 fleam
794 5473 963 5526 «immnuta
980 5473 1103 5533 urunt.

1330 1867 1477 1926 corum,
1512 1858 1587 1915 tum
1612 1847 1876 1917 dominantium
1902 1848 2063 1944 utrisque
2089 1849 2340 1940 planetarum,

1330 1946 1477 2037 insuper
1500 1973 1541 2016 ex
1565 1949 1687 2039 liguris
1715 1953 1897 2022 stellarum
1932 1951 2192 2038 inerrantium,
2238 1973 2339 2048 qnae

1330 2044 1386 2119 liis
1402 2051 1633 2136 cooriuntur,
1658 2053 1774 2147 qualis
1788 2055 1964 2124 sitiorma
1986 2074 2200 2148 corporum,
2235 2057 2340 2128 eruit

1329 2165 1408 2235 tur,
1448 2149 1517 2223 hoc
1546 2157 1754 2242 observato,
1796 2171 1836 2227 ut
1858 2157 1912 2228 vis
1932 2157 2122 2250 praecipua
2148 2159 2339 2232 tribuatur
2377 2197 2381 2206 ·

1330 2256 1483 2347 planetis
1504 2259 1775 2333 dominantibus
1785 2257 1819 2342 ;“'
1828 2264 1984 2332 secundo
2005 2262 2085 2331 loco
2112 2261 2335 2356 adiungatur

1329 2359 1399 2430 illis
1432 2371 1605 2457 tanquam
1649 2387 1755 2434 causa
1797 2365 1999 2447 adiuvans,
2047 2365 2211 2435 lucorum
2247 2389 2335 2459 pro-

1328 2461 1473 2554 prietas.

1431 2585 1594 2656 Primum
1622 2611 1727 2680 ergo,
1771 2589 1801 2658 si
1830 2589 1909 2684 quis
1932 2588 2069 2681 singula
2095 2587 2247 2684 simplici
2275 2613 2340 2660 ra-

1329 2685 1428 2758 tione
1443 2687 1613 2786 prosequi
1632 2691 1736 2776 velit,
1763 2687 1819 2761 bis
1837 2703 1969 2763 utatur.

1431 2805 1529 2880 luter
1544 2809 1719 2903 planetas,
1746 2811 1941 2898 Saturnus,
1969 2839 2049 2884 cum
2067 2813 2250 2888 orientalis
2265 2830 2339 2904 est,

1329 2911 1449 2981 colore
1473 2914 1586 2986 flavos
1610 2914 1735 3000 efficit,
1761 2915 1924 3009 pleniore
1952 2942 2124 3009 corpore,
2157 2920 2336 3012 capillitio

1329 3013 1433 3108 nigro
1450 3029 1485 3086 et
1498 3019 1636 3110 crispo,
1664 3019 1775 3090 oculis
1792 3015 1950 3113 magnis,
1986 3033 2123 3092 statura
2143 3023 2335 3108 mediocri,

1328 3131 1613 3214 temperamento
1636 3118 1840 3194 hurmdiore
1865 3138 1900 3194 et
1921 3123 2126 3216 frigidiore;
2166 3126 2334 3200 occiden-

1329 3223 1430 3307 talis,
1464 3221 1587 3315 nigros
1608 3225 1749 3312 colore,
1790 3229 1882 3298 raris
1907 3227 2140 3318 corporibus,
2181 3255 2330 3322 parvos,

1328 3327 1482 3418 simplici
1498 3341 1533 3396 et
1555 3329 1664 3420 plano
1688 3329 1881 3421 capillitio,
1917 3331 2057 3426 reliquo
2082 3356 2234 3425 corpore
2255 3335 2332 3426 gla-

1328 3431 1412 3500 bros
1438 3443 1472 3500 et
1496 3431 1649 3514 debiles,
1688 3433 1862 3503 mediocri
1897 3437 2142 3508 menbrorum
2175 3462 2331 3531 propor-

1329 3531 1445 3618 tione,
1474 3534 1585 3606 oculis
1608 3535 1887 3626 nigricantibus,
1922 3549 2205 3630 temperamento
2231 3541 2332 3634 frigi-

1329 3637 1431 3706 diore
1449 3650 1485 3706 et
1501 3634 1660 3708 sicciore.

1416 3755 1552 3850 Iupiter
1566 3757 1756 3848 praedictis
1773 3757 1859 3828 locis
1874 3759 2093 3850 praesidens,
2113 3786 2193 3830 cum
2210 3761 2332 3832 orien-

1330 3861 1409 3930 talis
1427 3874 1498 3944 est,
1525 3861 1681 3930 carrdido
1700 3861 1820 3932 colore
1840 3887 1992 3954 corpora
2016 3863 2141 3952 tingit,
2176 3867 2238 3936 sed
2261 3865 2333 3936 ele·

1330 3963 1430 4056 ganti
1442 3975 1478 4034 et
1495 3963 1645 4047 florido,
1673 3963 1845 4056 capillitio
1862 3979 1969 4036 ornat
1983 3967 2175 4050 mediocri„
2206 3969 2334 4039 oculos

1331 4066 1436 4136 elficit
1452 4066 1688 4158 nigricantes,
1720 4080 1755 4136 et
1779 4081 1927 4140 venusta
1952 4069 2198 4160 magnitudine
2223 4095 2334 4160 gran-

1330 4171 1529 4258 diusculos,
1568 4169 1780 4260 gravitatem
1813 4196 1892 4240 ccam
1918 4174 2073 4267 quadam
2100 4174 2332 4246 coniunctum

1330 4274 1502 4364 dignitate
1520 4274 1681 4344 uteribus
1702 4273 1857 4358 inducit,
1882 4299 1997 4346 crasco
2010 4275 2058 4373 ⁹³)
2073 4277 2188 4346 calido
2211 4271 2334 4346 lnuui-

1331 4379 1450 4470 doque
1473 4389 1662 4466 temperat.
1723 4375 1963 4462 Occidentalis
1991 4381 2145 4450 carradido
2168 4382 2332 4474 quidem,

1331 4483 1391 4551 sed
1415 4504 1489 4548 non
1516 4479 1669 4570 eleganti
1692 4481 1812 4550 colore
1837 4481 1968 4566 inlicit,
2002 4482 2174 4574 capillitio
2198 4483 2333 4572 rigido,

1332 4596 1394 4655 aut
1416 4581 1556 4652 calvitie
1580 4583 1636 4652 vel
1656 4585 1874 4654 anteriorem
1901 4597 2061 4676 partem,
2102 4586 2157 4656 vel
2188 4599 2331 4658 tanatum

1331 4685 1486 4780 sinciput.
1507 4687 1704 4770 deformat,
1742 4677 1959 4758 mediocrem
1982 4699 2158 4763 staturam
2185 4701 2219 4756 et
2242 4702 2334 4758 tem·

1332 4802 1540 4882 peramenta
1557 4787 1708 4861 hunnido
1724 4790 1963 4863 redundantia
1982 4804 2159 4882 procreat.
2405 4795 2406 4802 ’

1435 4905 1534 4978 Mars
1550 4933 1629 4978 curn
1648 4908 1858 4978 dominatur
1880 4922 1916 4978 et
1937 4911 2122 4980 orientalis
2144 4925 2218 4993 est,
2243 4914 2334 4982 vali-

1332 5009 1545 5100 dosgignit,
1570 5012 1743 5085 rubedine
1767 5012 1961 5096 albicante,
1993 5016 2142 5084 decente
2168 5017 2335 5105 corporis

1332 5111 1568 5205 proceritate,
1596 5115 1709 5186 oculis
1728 5115 1920 5204 caeruleis,
1954 5112 2130 5202 hirsutos,
2157 5119 2340 5192 mediocri

1332 5214 1526 5307 capillitio,
1550 5217 1644 5286 crasi
1664 5217 1834 5292 calidiore
1851 5231 1885 5288 et
1902 5218 2069 5302 sicciorea
2103 5221 2340 5298 occidentalis

1334 5381 1358 5388 -
1389 5376 1538 5387 -..Μ

1367 5471 1417 5533 2³)
1436 5475 1548 5532 crues]
1567 5471 1618 5526 uu.
1640 5471 1716 5525 tm
1742 5482 1840 5524 emere
1857 5477 1988 5540 ryme:
2015 5483 2121 5526 maer.
