4738 6090
304 213 380 292 176
886 211 1011 288 enti.
1042 213 1155 289 sini..
1188 209 1394 288 SCRIPTA
1425 213 1765 290 Pnuonoetcs.
2281 223 2353 298 176

404 389 522 459 Porro
553 411 635 458 cum
667 387 729 456 illa
760 385 1014 458 dissimilitudo
1044 386 1300 460 obscuritatem
1353 388 1439 458 dum
1457 401 1529 470 est,
1556 416 1647 486 quae
1662 391 1799 463 utilitas
1814 415 1857 463 ex
1871 358 2094 488 udoquoqne
2106 417 2236 485 genere
2252 395 2354 467 labo-

300 493 439 588 pariat,
464 503 500 561 et
516 491 710 560 marimum
729 491 856 560 vitiuin
874 491 1049 562 orationis
1072 492 1117 562 sit
1141 444 1402 562 obscuri-iris
1423 505 1587 584 petatur,
1628 519 1695 564 nos
1719 521 1864 590 quoqne
1887 497 2134 580 monebimus,
2177 499 2266 592 quid
2300 525 2354 570 er·

300 611 377 681 tas,
403 595 566 692 quistale
583 595 725 664 dicendi
742 619 852 685 genus
868 618 943 664 non
963 594 1103 664 oderit?
1128 596 1210 691 quis
1224 619 1300 664 non
1353 605 1495 686 peetare
1512 621 1552 666 ae
1575 595 1736 688 flagitare
1759 599 1942 668 corcnnodi
1966 625 2009 669 er
2025 599 2174 671 Hesiodi
2199 602 2354 674 lectione

299 701 509 792 fugiendum
526 699 634 780 velis,
660 713 701 768 nt
715 700 762 768 ita
781 699 920 781 dicam,
954 712 990 767 et
1012 697 1121 768 remis
1143 698 1299 770 sentiat?
1352 697 1522 770 debeatis.
1564 697 1627 769 Est
1645 699 1739 770 enim
1757 727 1798 771 ex
1813 703 1980 774 omnibus
1999 703 2184 774 autoribus
2202 705 2261 774 vel
2279 731 2355 776 ver·

300 805 405 898 Quae
420 828 500 873 eum
521 803 571 870 ita
594 802 684 885 sint,
717 800 797 896 quis
817 825 893 870 non
915 803 1072 871 taceatur
1092 803 1202 872 satius
1225 827 1299 872 esse
1351 801 2038 898 borumvelrernmscieniiapetenda.
2090 807 2272 879 Hesiodus
2296 833 2355 880 au·

298 932 434 1002 paucos
463 906 674 998 scriptores,
714 908 775 975 sed
805 905 963 996 optimos
996 906 1148 978 subinde
1170 906 1299 996 legere,
1353 916 1425 972 tem
1461 904 1598 975 Graece
1631 908 1849 980 discentibus
1882 935 2052 1002 magnum
2091 911 2355 982 vocabulorum

301 1034 434 1106 eosque
450 1009 749 1079 familiarissimos
764 1008 868 1080 nobis
883 1010 1013 1090 iacere,
1040 1033 1149 1102 quam
1167 1009 1300 1078 tumul·
1352 1031 1542 1077 numerum
1563 1010 1838 1109 suppeditut⁸¹).
1899 1011 1946 1082 Et
1961 1012 2133 1108 quoniam
2152 1013 2287 1083 alicubi
2305 1010 2355 1083 bi-

300 1115 419 1184 tnaria
461 1113 615 1181 lectione
658 1136 723 1203 per
757 1111 879 1180 omnia
915 1111 1127 1204 bibliopolis
1162 1111 1299 1202 vagari,
1350 1109 1503 1180 lariores
1518 1113 1775 1205 descriptiones
1789 1115 1968 1200 continet,
1996 1117 2104 1186 etiam
2123 1113 2180 1201 bi,
2206 1117 2274 1211 qni
2289 1115 2354 1186 La-

230 1295 236 1314 .
298 1214 511 1312 praesertim
535 1241 614 1285 cum
639 1211 708 1284 boc
737 1214 817 1283 vitii
849 1210 981 1284 habeat
1008 1239 1049 1283 ea
1078 1239 1154 1296 res,
1193 1213 1298 1283 utin
1352 1211 1425 1282 tine
1441 1215 1602 1300 discunt,
1629 1218 1674 1286 ab
1690 1242 1733 1286 eo
1750 1221 1928 1312 quaedam
1945 1215 2096 1291 honesta
2114 1222 2281 1312 exempla
2301 1246 2354 1290 co·

298 1321 433 1392 multos
449 1319 563 1389 malos
578 1319 689 1389 libros
705 1341 814 1410 opera
840 1317 1053 1402 collocetur,
1083 1319 1179 1387 unde
1202 1315 1300 1385 velut
1351 1316 1445 1408 piosi
1465 1319 1662 1404 sermonis,
1702 1322 1938 1392 strationem
1964 1325 2148 1418 quandam
2173 1327 2354 1394 ornanda-

298 1423 514 1516 contagione
530 1435 593 1492 aut
607 1446 737 1514 pravas
763 1419 972 1512 opiniones,
1005 1433 1068 1489 ant
1088 1431 1296 1512 corruptum
1352 1444 1433 1488 rum
1467 1421 1728 1494 sententiarum
1757 1427 1917 1496 mutuari
1942 1440 2104 1518 possunt.
2163 1426 2260 1497 Nam
2292 1429 2353 1500 etsi

297 1527 476 1600 sermonis
490 1551 601 1616 genus
616 1520 828 1624 contrahas,
855 1547 947 1616 qnae
971 1537 1094 1614 postea
1120 1523 1300 1594 dediscere
1351 1521 1472 1613 lingua
1496 1524 1636 1596 diversa
1658 1527 1724 1610 sit,
1757 1541 1879 1598 tamen
1901 1531 2088 1618 voluntate
2111 1529 2261 1602 Graecis
2289 1531 2353 1602 La-

296 1630 466 1699 immensi
484 1629 619 1718 negotii
635 1640 706 1710 est,
733 1626 943 1718 praesertim
961 1627 991 1696 si
1008 1625 1127 1697 statim
1152 1629 1242 1695 rude
1265 1638 1299 1693 et
1352 1625 1438 1709 tini,
1481 1626 1518 1694 in
1554 1627 1799 1719 disponenda,
1846 1621 2098 1724 amplificanda
2131 1647 2240 1728 atque
2276 1637 2352 1706 illn-

295 1757 422 1804 reeens
438 1731 622 1824 ingenium
646 1727 859 1800 iniecerint?
912 1729 1006 1802 Nam
1029 1729 1061 1800 si
1084 1741 1299 1798 motnscor-
1351 1729 1499 1798 stranda
1513 1731 1679 1800 oratione
1696 1732 1829 1804 similes
1845 1747 1940 1806 sunt.
1992 1727 2118 1830 ltaque
2134 1738 2208 1808 duo
2223 1739 2353 1808 summi

297 1838 397 1932 poris
407 1835 569 1918 vitiosus,
584 1833 727 1928 qualem
743 1833 996 1904 indtexandro
1011 1831 1299 1928 notaveruntffi),
1352 1833 1449 1923 apud
1466 1831 1617 1904 Latinos
1641 1848 1790 1927 poetae,
1816 1836 1989 1939 Virgilius
2010 1852 2045 1908 et
2069 1839 2243 1925 Ovidius,
2280 1868 2352 1912 non

296 1939 556 2012 consuetudine
579 1939 748 2020 duratus,
791 1936 923 2026 corrigi
953 1948 1078 2028 postea
1111 1935 1214 2004 nulla·
1241 1959 1299 2003 ra·
1352 1937 1462 2004 ruodo
1477 1935 1575 2007 locus
1593 1937 1668 2008 eius
1684 1941 1860 2033 quosdam
1885 1941 2018 2010 imitati
2038 1955 2141 2028 sunt,
2175 1947 2353 2016 444144441-

297 2044 396 2114 tione
414 2054 550 2133 potest,
578 2065 670 2135 quae
691 2064 771 2132 spes
794 2051 847 2109 est
868 2065 911 2108 ex
933 2039 1057 2107 animo
1081 2037 1299 2130 perniciosas
1352 2051 1407 2110 tos
1429 2041 1624 2116 versiculos
1646 2067 1761 2132 paene
1787 2045 1834 2112 ad
1860 2045 2010 2114 verbum
2035 2049 2352 2146 expresseruntae),

296 2146 506 2240 opiniones,
533 2169 614 2212 cnm
641 2143 712 2212 iam
738 2143 807 2210 alte
830 2143 968 2212 radices
992 2154 1161 2234 egerunt,
1195 2141 1299 2210 evelli
1351 2165 1508 2236 quornm
1525 2145 1686 2236 exempla
1701 2169 1769 2216 nos
1784 2148 2133 2234 commonefaciunt,
2167 2155 2350 2245 quomodo

295 2273 421 2344 posse,
448 2261 511 2316 ant
529 2247 714 2315 emendari
730 2245 906 2316 sermonis
922 2245 1030 2330 vitia,
1057 2269 1213 2339 qnorum
1235 2269 1298 2313 na-

297 2367 417 2424 turam
440 2351 506 2420 tibi
528 2348 677 2421 seceris?
730 2347 860 2417 Danda
887 2348 997 2440 igitur
1020 2359 1205 2439 operaest
1228 2359 1298 2418 sta-

296 2457 384 2540 tim,
410 2467 451 2526 nt
469 2454 614 2546 optimis
629 2453 855 2536 imbuamur,
879 2465 913 2522 et
936 2451 1087 2544 perinde
1110 2463 1217 2546 atque
1239 2475 1299 2520 ve-

295 2585 391 2631 nena
409 2559 567 2628 cavenda
584 2570 670 2628 sunt
688 2569 724 2625 et
744 2556 872 2648 procul
889 2551 1065 2640 arcenda,
1100 2579 1192 2650 quae
1215 2567 1300 2624 sunt

296 2663 443 2758 optimis
459 2661 659 2732 dissimilia.
702 2659 850 2730 Habetis
866 2659 938 2727 mei
953 2657 1094 2730 consilii
1106 2659 1299 2742 rationem,

296 2791 379 2850 cnr,
419 2779 461 2834 nt
487 2765 638 2860 quisque
663 2776 769 2834 antor
791 2763 949 2855 optimus
975 2775 1047 2847 est,
1089 2761 1139 2831 ita
1167 2761 1299 2854 saepis-

296 2869 444 2964 sime³³)
468 2869 699 2960 relegendum
725 2891 799 2938 esse
820 2861 1039 2950 eristimem,
1079 2867 1179 2960 qnod
1204 2865 1300 2960 qnis-

296 2973 378 3070 quis
399 2975 620 3066 sequendum
636 2971 685 3068 Μ)
711 2971 778 3042 sibi
792 2969 840 3067 ⁸')
862 2995 936 3042 esse
960 2967 1165 3066 statuit⁸⁰),
1206 2969 1236 3040 is
1260 2993 1299 3038 re

295 3078 373 3171 ipsa
392 3075 613 3168 experietur,
640 3099 751 3146 unam
766 3071 860 3144 hane
876 3099 950 3146 esse
970 3076 1016 3144 ad
1040 3073 1193 3146 solidam
1219 3095 1300 3142 ern-

295 3181 470 3254 ditionem
494 3181 776 3273 comparandam
802 3179 921 3265 viam,
955 3179 1111 3249 aliorum
1135 3201 1223 3246 vero
1248 3177 1300 3245 la-

294 3287 445 3357 boribus
471 3309 513 3354 ar
540 3283 671 3376 vigiliis
698 3286 853 3355 [ructum
888 3283 1038 3353 minime
1069 3283 1300 3374 respondere.

296 3391 368 3460 Sed
397 3413 478 3458 cum
502 3387 700 3457 Hesiodum
733 3411 875 3479 semper
906 3387 1104 3459 doctissimi
1134 3381 1299 3456 homines

296 3491 446 3586 plurimi
462 3491 630 3573 iecerint,
665 3515 707 3558 ex
724 3514 767 3558 eo
783 3513 912 3580 genere
931 3503 1099 3561 autorum
1118 3485 1208 3558 mibi
1225 3513 1299 3560 esse

296 3596 395 3665 visus
410 3606 481 3678 est,
502 3593 566 3688 qni
582 3617 658 3662 nou
674 3593 785 3664 semel
806 3607 947 3664 tantum
971 3593 1184 3686 inspiciendi
1204 3606 1299 3663 sunt.

297 3698 422 3792 Quare
438 3721 542 3782 eum,
577 3721 797 3792 quamquam
819 3721 896 3766 non
916 3697 1024 3790 plane
1047 3697 1211 3788 ignotum
1235 3719 1300 3766 vo·

296 3803 373 3888 bis,
398 3801 629 3894 relegendum
646 3801 796 3894 sumpsi.
830 3801 957 3896 Neque
972 3825 1093 3870 meum
1110 3797 1298 3870 consilium

297 3901 588 3999 reprehendetis,
628 3905 781 3998 opinor,
820 3905 850 3976 si
883 3904 1104 3997 cogitabitis,
1147 3913 1299 3998 quantas

297 4011 489 4096 utilitates,
515 4011 658 4080 tametsi
676 4009 822 4103 exiguus
836 4009 997 4094 libellus,
1023 4008 1164 4078 adferre
1179 4019 1299 4102 queat,

299 4111 346 4184 Et
364 4115 446 4209 quia
464 4113 645 4209 principio
661 4115 700 4183 in
716 4114 885 4186 omnibns
906 4113 1061 4205 negotiis
1080 4113 1298 4184 constituen.

300 4269 506 4287 *a*

370 4347 510 4414 444444,
528 4351 608 4400 serv.
627 4324 663 4399 ir
680 4347 762 4412 virg.
777 4349 845 4400 444.
864 4348 939 4410 vus,
954 4347 1014 4402 444.
1034 4349 1063 4397 et
1081 4345 1186 4411 roucy:
1205 4347 1298 4398 44444.

369 4419 486 4480 1144441.
511 4419 536 4468 d.
561 4421 645 4469 class.
670 4419 790 4468 dilectit.
809 4419 858 4471 lli.
886 4417 1047 4480 41240.-
1082 4417 1150 4468 Cum
1175 4418 1299 4470 Evandri

371 4490 462 4537 4444144
482 4487 584 4550 inqui,¹
601 4489 646 4538 441
663 4488 775 4551 entique
792 4491 821 4538 et
839 4487 965 4538 obsolete
981 4485 1073 4552 ioqui,
1098 4485 1169 4540 Geli.
1188 4487 1210 4550 1,
1231 4487 1271 4537 10.

334 4587 383 4652 41)
404 4591 461 4640 1144
475 4591 604 4653 spectare
617 4589 727 4641 vitietur
739 4590 932 4642 4141444414
946 4589 1039 4655 Magni
1053 4590 1209 4656 4444144444,
1228 4603 1299 4654 queo

370 4659 405 4708 41
423 4660 532 4709 loevam
550 4660 660 4721 panium
684 4660 846 4710 accuratior
870 4661 951 4726 eret,
981 4659 1037 4708 vid.
1059 4659 1198 4711 Plutarch.
1218 4661 1297 4712 Ater.

372 4741 395 4778 o.
409 4731 434 4776 4.
453 4756 486 4770 -
522 4729 669 4778 1144141444
688 4729 820 4781 14111111.
840 4729 935 4792 1440,
956 4729 1032 4778 14114.
1046 4730 1091 4792 A,
1112 4729 1200 4793 1470,
1221 4730 1297 4783 1487.

369 4795 511 4860 sturnis
528 4799 654 4847 4414414
671 4797 803 4862 margin:
830 4797 1007 4850 consuetudo
1026 4797 1132 4848 4111444
1149 4799 1239 4849 14441.

334 4896 383 4964 34)
403 4897 583 4961 saepissime]
611 4896 653 4946 sic
675 4897 760 4949 leuitt.
783 4899 874 4964 ¹5³2,
895 4900 1031 4966 trena,
1052 4899 1191 4965 144111,
1211 4899 1297 4964 1444,

369 4967 457 5027 uss,
478 4967 565 5028 issa,
585 4966 714 5032 44444,
733 4967 820 5034 uro,
840 4969 934 5034 4444,
958 4969 1044 5018 ruite.
1061 4968 1188 5032 44444,
1211 4967 1297 5035 rosa,

368 5037 446 5088 4444.
460 5038 508 5104 4.,
528 5035 620 5097 rese..
640 5035 733 5100 4444,
753 5037 828 5086 4444.
847 5049 940 5100 saepe.

236 5151 240 5160 ’
333 5136 383 5204 44)
402 5136 746 5202 4444441444]111.1447.
765 5149 863 5190 444444
880 5142 1010 5204 1444544
1037 5138 1198 5192 secuntum.

333 5239 382 5305 44)
401 5241 469 5302 sitsi]
488 5242 516 5292 14
535 5243 619 5294 Mitt.
638 5241 778 5307 144114,
798 5243 892 5306 taen,
912 5243 987 5322 1481.
1006 5242 1092 5294 14441.

333 5341 1188 5411 ³¹

369 5447 508 5545 444414,
529 5445 953 5552 4414.’,’4444.,’1444.414’4444
1007 5450 1014 5466 '
1108 5448 1115 5465 ’
1153 5448 1182 5478 ”
1209 5415 1296 5482 'm’

1352 2248 1396 2313 ad
1420 2259 1563 2316 nostros
1585 2273 1669 2317 usus
1690 2271 1766 2318 nou
1789 2261 1929 2320 tantum
1952 2251 2040 2322 certi
2054 2254 2197 2347 quidam
2211 2255 2352 2324 ssoscnli

1352 2373 1394 2417 44
1416 2343 1625 2419 huiusmodi
1649 2351 1836 2422 autoribus
1861 2355 2077 2448 decerpendi
2100 2357 2183 2438 sint,
2215 2355 2276 2426 sed
2304 2357 2345 2422 in

1353 2451 1454 2520 omni
1468 2477 1633 2524 sermone
1648 2452 1923 2553 inveniendum)
1943 2459 2149 2550 prudentia,
2173 2457 2211 2525 in
2232 2458 2349 2550 expli-

1351 2556 1467 2624 cando
1485 2557 1707 2649 proprietas,
1734 2559 1971 2651 perspicuitas
1986 2576 2021 2633 et
2036 2562 2152 2656 copia,
2174 2561 2212 2630 in
2226 2562 2352 2655 dispo·

1351 2660 1471 2729 nendo
1488 2661 1672 2752 diligentia
1687 2661 1863 2734 imitanda
1879 2663 1936 2736 sit.

1455 2763 1524 2833 Sed
1542 2767 1587 2834 de
1609 2759 1677 2832 hac
1700 2779 1803 2858 parte
1827 2767 1911 2862 qnia
1935 2767 2020 2840 satis
2043 2768 2132 2852 dici,
2165 2767 2352 2839 nisiinter

1352 2869 1596 2938 enarrandum
1611 2869 1843 2940 conserantur
1858 2869 1988 2940 Latina
2014 2898 2096 2944 cum
2114 2871 2286 2956 Graecis,
2320 2885 2353 2940 et

1352 2993 1479 3041 omnes
1492 2973 1628 3063 figurae
1644 2971 1757 3063 digito
1776 2977 2032 3062 ostendantur,
2065 3001 2142 3045 non
2167 2975 2352 3070 potest⁴⁰),

1352 3073 1439 3144 nolo
1458 3076 1496 3144 in
1519 3075 1724 3168 praesentia
1741 3077 1885 3170 longior
1907 3103 1999 3160 esse;
2032 3081 2094 3150 sed
2118 3080 2157 3148 in
2178 3081 2352 3172 interpre-

1352 3177 1489 3248 tatione
1508 3179 1606 3249 velut
1632 3179 1670 3248 in
1695 3204 1735 3250 re
1756 3183 1937 3273 praesenti
1962 3182 2221 3269 indicabimus,
2266 3207 2351 3277 quus

1351 3281 1449 3351 locos
1473 3277 1559 3352 hinc
1578 3283 1797 3374 sumpserint
1820 3285 2010 3379 scriptores
2032 3285 2175 3372 Latini,
2209 3300 2246 3356 et
2269 3285 2352 3382 quid

1351 3384 1507 3471 imitari,
1542 3386 1701 3481 quidque
1724 3412 1912 3482 excerpere
1937 3389 2005 3482 ipsi
2027 3391 2233 3461 debeamus.
2296 3387 2353 3458 Et-

1352 3489 1449 3557 enim
1463 3481 1466 3488 '
1481 3489 1624 3560 tametsi
1658 3506 1833 3583 appareat
1864 3506 2013 3586 propter
2035 3495 2138 3564 utilia
2159 3505 2353 3586 praecepta

1351 3590 1465 3683 magis
1480 3615 1589 3687 qnam
1606 3608 1756 3686 propter
1771 3597 1966 3666 verborum
1984 3610 2152 3668 ornatum
2176 3597 2216 3666 in
2240 3595 2354 3666 admi·

1352 3695 1493 3764 ratione
1507 3691 1577 3766 hoc
1592 3721 1722 3789 poema
1740 3699 1866 3785 inisse,
1898 3712 2020 3770 tamen
2042 3701 2281 3796 quantumvis
2303 3723 2355 3768 res

1351 3799 1512 3871 salubres
1544 3825 1652 3870 nemo
1682 3802 1843 3895 legisset,
1893 3803 1964 3875 nisi
1999 3805 2354 3875 commendationem

1351 3905 1534 3998 quandam
1549 3899 1758 3976 habuissent
1775 3929 1817 3976 ex
1832 3930 1961 3998 genere
1985 3908 2179 3991 sermonis,
2215 3921 2252 3977 et
2277 3931 2357 4002 gra·

1351 4006 1440 4076 tiam
1464 4007 1641 4101 elegantia
1664 4009 1834 4080 carminis
1856 4011 2061 4084 addidisset.
2118 4013 2249 4106 Neque
2273 4037 2356 4108 pro-

1349 4112 1443 4180 iecto
1460 4123 1674 4182 vetustatem
1691 4114 1786 4184 ferre
1807 4114 1999 4207 potuisset,
2031 4115 2102 4186 nisi
2121 4141 2248 4186 rerum
2278 4139 2356 4210 gra-

1350 4213 1455 4284 vitati
1483 4213 1773 4287 venustissimum
1805 4241 1916 4308 genus
1948 4219 2141 4290 verborum
2175 4231 2357 4316 tanquam

1349 4317 1534 4390 illecebras
1557 4321 1732 4416 quasdam
1748 4320 1984 4408 {adiunxisset
2043 4323 2128 4395 Non
2152 4335 2205 4394 est
2232 4339 2357 4395 antem

1350 4423 1563 4509 obscurum,
1589 4436 1765 4519 qnantum
1782 4424 1940 4496 amarint
1955 4425 2086 4497 Graeci
2100 4422 2169 4496 boc
2191 4451 2359 4514 carmen,

1353 4589 1451 4598 —uo---n
1461 4592 1466 4597 ι
1479 4585 1558 4598 n...-

1386 4679 1434 4747 07)
1454 4680 1754 4731 11414144414111111.
1774 4681 1865 4744 1444,
1894 4683 2032 4748 14441,
2058 4683 2135 4736 1470.
2158 4687 2301 4748 apposite
2318 4693 2360 4740 est

1422 4753 1488 4801 nota
1505 4750 1639 4814 margin:
1657 4749 1754 4800 Lectio
1773 4751 1887 4802 Hesiodi
1904 4753 2064 4816 suppeditet
2080 4756 2222 4809 sermonis
2238 4761 2360 4824 copiam.

1383 4832 1689 4896 4010441714411144
1710 4835 1860 4886 4411411444
1883 4835 2064 4900 scriptoribus
2085 4838 2265 4894 Graecorum
2296 4847 2362 4896 ntu-

1419 4907 1642 5028 ibbbluse,⁰pm
1671 4905 1700 4952 41
1728 4903 1868 4956 industrie
1899 4905 1992 4957 linivit
2016 4905 2120 4957 Ursini.
2174 4912 2361 4979 Antverpiro

1383 5057 1433 5118 89)
1451 5059 1480 5108 in
1498 5058 1572 5110 omni
1589 5071 1717 5110 sermone
1735 5058 1916 5121 inveniende]
1943 5061 1983 5110 sie
1999 5060 2084 5110 111111.
2106 5061 2182 5114 1440.
2209 5065 2257 5126 (in
2279 5083 2310 5123 n.
2330 5083 2363 5132 4.,

1418 5125 1500 5194 nn),
1521 5129 1596 5182 4444.
1609 5132 1656 5193 s,
1675 5129 1763 5193 ren,
1783 5129 1869 5196 4444,
1890 5131 1964 5184 4444.
1979 5131 2024 5192 s,
2044 5129 2131 5196 raro,
2152 5133 2251 5201 raer.;
2274 5139 2364 5192 444444,

1420 5197 1495 5246 ssu.
1510 5199 1556 5262 4.,
1575 5197 1713 5261 socan,
1733 5199 1824 5264 sesa,
1852 5199 1945 5265 4444,
1974 5198 2113 5266 rosen,
2140 5203 2236 5271 4444,
2270 5209 2364 5272 iser,

1420 5265 1496 5319 1401.
1514 5266 1543 5316 in
1561 5266 1635 5318 omni
1653 5279 1802 5332 sermone,
1823 5268 1852 5318 in
1872 5267 2045 5320 inveniendo.

1383 5345 1431 5415 40)
1450 5351 1746 5404 11414144414011111.
1767 5351 1860 5418 14411,
1881 5353 2020 5420 14041,
2047 5351 2122 5404 1470.
2140 5356 2296 5422 rescripte
2318 5363 2367 5416 est

1417 5421 1485 5472 44414
1506 5421 1641 5484 margin:
1674 5421 1786 5482 [444114
1803 5421 1916 5474 Hesiodi
1932 5419 2105 5487 suppeditet]
2127 5433 2286 5492 praerepta
2309 5445 2366 5488 ve·

1418 5489 1646 5543 4441444411444
1665 5491 1774 5544 4444414.
