4738 6090
277 257 362 332 ,teo

750 247 757 260 '
862 250 986 325 PillL.
1017 249 1134 324 uui..
1167 245 1373 322 SCRIPTA
1407 243 1749 322 effluotootct.

2254 247 2322 320 000

285 435 357 503 sert
380 428 623 510 incommodi,
647 428 709 498 sed
733 425 843 496 etiam
867 425 985 496 omnis
1018 425 1159 518 generis
1181 447 1280 493 mor·
1332 431 1436 514 ptam
1472 419 1518 490 ab
1547 417 1774 513 Epimetheo.
1840 419 1978 512 Quinto
2017 427 2187 488 numerat
2224 418 2323 502 mala,

285 539 352 607 bos
380 533 506 625 gignit.
557 531 656 602 Sicut
678 529 851 600 Horatius
874 529 996 626 ait⁴⁴):

632 647 743 728 Vides,
764 659 797 708 ut
818 648 946 727 pallidus
969 649 1063 708 omnis

330 761 431 820 Coena
453 757 593 836 desurgat
614 755 718 828 dubia3
741 773 806 814 eum
815 752 864 834 ⁴⁸)
886 773 992 834 corpus
1014 749 1207 836 onustum⁴⁸)

330 861 486 921 Hesteruis
508 857 583 916 vitiis
604 857 734 916 animum
755 875 874 936 quoque
895 867 1073 938 praegravat
1092 875 1160 934 una,

327 947 425 1044 btque
446 962 542 1040 affigit
562 959 652 1020 humo
676 960 793 1019 divinae
813 961 987 1039 particulam
1009 977 1111 1022 surae.

288 1068 341 1140 M.
363 1068 489 1140 Cicero
516 1067 554 1134 in
586 1064 713 1160 quinto
740 1065 833 1134 libro
856 1065 1143 1136 Tusculanarum
1175 1087 1284 1157 quae·

290 1170 506 1266 stionum⁴⁷)
529 1171 653 1251 docet,
676 1160 893 1238 Promethea
912 1191 1082 1259 magnum
1102 1169 1282 1261 quendam

290 1275 409 1344 virum
426 1273 554 1357 fuisse,
577 1272 615 1340 in
632 1271 829 1362 sapientiae
846 1272 964 1342 studio
983 1283 1176 1352 versatum,
1200 1271 1282 1338 item

290 1377 431 1448 abditas
447 1389 482 1446 et
497 1399 645 1444 arcanas
661 1399 719 1444 res
735 1375 772 1442 in
792 1387 920 1444 natura
937 1370 1144 1444 bominibus
1168 1385 1285 1443 osten-

292 1481 397 1552 disse.
459 1478 552 1548 Hiuc
584 1477 734 1568 intelligi
756 1478 876 1547 sabula
899 1490 1034 1570 potest:
1067 1467 1187 1546 lovem
1212 1475 1286 1544 ira-

293 1597 371 1654 tum
397 1583 516 1673 ignem
543 1581 731 1650 abdidisse.
786 1579 926 1650 Veritas
949 1580 1044 1648 enirn
1070 1581 1180 1661 latet,
1212 1603 1286 1662 scu,

293 1700 334 1756 ut
356 1686 480 1756 scribit
498 1681 947 1774 Cicero“)'Democritum
972 1683 1121 1764 dixisse,
1145 1681 1287 1772 penitus

294 1791 456 1860 abstrusa
492 1799 543 1860 est
571 1789 608 1855 in
642 1799 786 1856 natura.
852 1785 923 1855 Sed
955 1811 1036 1855 cum
1077 1785 1287 1855 ostendisset

293 1879 532 1962 Prometheus
546 1886 754 1958 bominibus
771 1901 865 1958 recta
879 1901 914 1957 et
928 1883 1091 1985 honesta,
1110 1887 1286 1986 tamen⁴⁹)

295 1995 394 2068 misit
420 1991 556 2086 Iupiter
584 1993 813 2074 Pandoram,
851 1985 920 2060 hoc
951 2006 1025 2078 est,
1052 1991 1288 2083 voluptatem,

297 2123 389 2194 quae
414 2122 488 2166 non
504 2095 589 2166 sinit
605 2107 804 2182 nosrecta,
829 2093 934 2163 etiam
956 2119 1048 2189 quae
1067 2095 1138 2162 iam
1157 2119 1288 2185 cogno·

296 2203 437 2286 vimus,
463 2199 575 2295 sequi.
630 2199 681 2267 Ut
703 2199 797 2290 apud
823 2196 996 2267 Ovidium
1021 2198 1059 2265 in
1083 2195 1287 2292 Medeam:

681 2317 778 2378 Video
797 2318 938 2396 meliora,
960 2317 1128 2398 proboque;

422 2424 589 2484 Deterioria
609 2407 727 2502 requei.

292 2525 437 2600 Nomen
459 2521 697 2596 Prometheus
720 2522 894 2616 significat
925 2523 1183 2594 deliberantem
1207 2539 1289 2596 ante

293 2632 446 2712 factum;
508 2623 742 2721 Epimetheus
791 2625 1050 2696 deliberantem
1103 2642 1186 2720 post
1235 2631 1290 2698 la·

296 2747 405 2806 ctum.
466 2729 591 2827 ltaque
614 2723 854 2801 Prometheus
885 2741 983 2798 vetat
1005 2729 1163 2824 recipere
1188 2733 1288 2803 volu-

294 2849 452 2932 ptatem,
475 2831 547 2905 boc
564 2848 635 2917 est,
658 2835 716 2904 vel
732 2833 874 2926 sapiens
890 2831 1019 2928 aliquis
1036 2833 1217 2918 monitor,
1234 2838 1290 2906 vel

295 2941 371 3036 ipsa
399 2937 506 3009 ratio.
559 2934 794 3030 Epimetheus
819 2961 926 3020 vero,
956 2931 1026 3005 hoc
1048 2951 1119 3022 est,
1148 2939 1289 3026 stultus,

295 3069 361 3118 seu
387 3068 510 3116 sensus
536 3066 612 3111 non
636 3041 838 3114 auscultans
862 3038 1016 3124 rationi,
1046 3065 1120 3110 non
1151 3043 1288 3113 obtem-

294 3161 399 3242 perat
419 3145 583 3228 monitis;
606 3145 727 3242 itaque
752 3143 897 3216 noxiam
916 3143 1138 3236 voluptatem
1163 3145 1290 3219 incau-

294 3265 351 3324 tus
368 3251 513 3344 recipit;
535 3253 595 3320 sed
612 3275 692 3320 sero
708 3249 882 3341 recepisse
898 3249 1070 3338 poenitet.
1109 3249 1176 3321 Est
1192 3251 1288 3322 enim

295 3369 444 3426 eventus
465 3353 657 3424 stultorum
678 3354 860 3444 magister.
911 3347 958 3419 Et
981 3357 1288 3446 quemadmodum

294 3459 387 3530 ictus
408 3457 565 3550 piscator
587 3456 700 3548 sapit,
724 3457 774 3524 sic
790 3477 856 3524 nos
871 3477 951 3523 sero
968 3457 1150 3541 videmus,
1172 3483 1290 3553 quan-

297 3574 374 3630 tum
401 3559 489 3628 mali
511 3557 616 3626 nobis
647 3557 833 3626 attulerint
863 3557 1077 3648 voluptates.
1131 3561 1231 3632 Sicut
1255 3577 1290 3632 et

297 3662 470 3734 Horatius
494 3657 691 3755 monet⁶¹):

358 3783 475 3863 Sperne
496 3779 679 3860 voluptatem
701 3789 789 3840 nocet
811 3787 911 3858 erupta
933 3777 1037 3840 dolore
1059 3781 1204 3860 voluptas.

296 3885 361 3958 Est
376 3899 495 3957 autem
513 3897 547 3954 et
561 3885 679 3953 forma
696 3881 917 3952 narrationis
935 3881 1180 3967 observanda,
1196 3909 1289 3980 quae

293 3991 443 4086 quidem
467 4003 503 4059 et
525 3987 639 4059 fusior
661 4001 730 4072 est,
758 4000 793 4058 et
816 3986 920 4056 valde
944 3985 1071 4056 molles
1096 3987 1290 4060 versiculos

295 4090 425 4179 babet,
466 4093 593 4162 ordine
619 4115 822 4185 exponens,
860 4088 1041 4182 primum,
1072 4087 1289 4166 Promethea

296 4197 419 4289 iguem
448 4197 607 4266 furatum
631 4221 722 4277 esse;
752 4194 881 4265 deinde
904 4193 1112 4262 Pandoram
1145 4195 1290 4280 factam,

299 4311 336 4369 et
358 4299 395 4369 in
411 4323 453 4369 eo
470 4300 610 4391 opificio
633 4299 775 4392 longius
799 4309 1063 4376 commoratum
1086 4295 1193 4369 tertio
1208 4299 1291 4372 mis-

301 4424 378 4474 sam
401 4425 474 4472 esse
498 4403 705 4473 Pandoram
732 4397 859 4472 iubas
885 4401 1003 4482 sedes;
1036 4413 1166 4496 quarto
1195 4427 1291 4474 recc-

337 4635 387 4702 11)
406 4637 502 4686 ttorat.
522 4639 609 4687 serra.
627 4635 661 4700 u,
680 4637 707 4698 2,
725 4633 851 4686 70-70.

337 4721 385 4790 10)
405 4722 501 4785 dublo,
519 4718 592 4786 cum]
612 4722 654 4772 sto
672 4721 736 4770 illue
750 4721 834 4770 ttditt.
852 4731 963 4782 omues3
983 4719 1079 4770 ltorot.
1092 4719 1176 4773 utut.
1192 4721 1291 4788 Beati,

302 4801 306 4810 '
371 4789 502 4854 ltoertng.
521 4793 548 4840 et
567 4789 751 4842 denuntiare:
770 4783 872 4838 dubia?
891 4789 964 4852 quin.

337 4874 385 4944 10)
403 4876 486 4930 stetu.
509 4875 698 4926 1000-1001.
718 4877 823 4923 tentum
847 4875 896 4923 tros
916 4875 984 4925 duos
1003 4887 1105 4924 versus
1124 4875 1223 4924 babent
1239 4874 1292 4924 11-

371 4947 443 4999 dito:
461 4947 529 5006 etc.;
554 4943 637 4994 ertu.
662 4943 853 4994 1001-1001.
871 4945 961 4994 auten
981 4945 1050 4994 duos
1068 4944 1152 4992 ettam
1171 4956 1292 5007 sequen·

370 5019 415 5066 tes
439 5015 576 5064 exhibent.
1232 5039 1237 5050 ,

303 5111 309 5122 ·
335 5083 385 5148 a)
405 5083 464 5135 cic.
481 5085 564 5134 τωο.
583 5083 696 5143 oum
715 5083 752 5146 v,
769 5082 797 5145 ³9
814 5083 840 5133 81

336 5167 386 5236 ce)
407 5169 463 5220 cu.
481 5171 564 5222 xero.
583 5170 605 5232 1,
627 5169 668 5233 u,
686 5172 729 5220 ιι.
754 5169 789 5232 ιι,
809 5169 851 5229 ιο,
868 5167 912 5220 st.

336 5253 385 5322 11)
404 5257 509 5318 umen]
539 5255 579 5305 nc
603 5257 687 5306 urite.
716 5255 810 5318 isse,
842 5255 949 5318 issu,
969 5253 1059 5316 usu
1094 5254 1178 5304 suu.
1204 5253 1291 5318 issa,

303 5341 308 5350 ·
372 5324 566 5384 ltu-tm,
583 5329 648 5379 tun.

338 5409 388 5470 00)
406 5409 484 5462 ovio.
503 5411 612 5462 lietera.
631 5411 694 5474 vtt,
711 5410 755 5462 2⁰.
773 5409 817 5462 21.

337 5495 388 5556 01)
407 5495 503 5546 floret.
522 5495 610 5559 Epist.
630 5495 759 5560 1,2,00.

1335 547 1428 619 quae
1450 547 1571 594 secum
1596 525 1727 596 attulit.
1778 521 1915 612 Porro,
1939 533 1981 592 ut
1999 517 2068 590 boc
2089 543 2235 616 quoque
2257 521 2324 621 obi-
2355 607 2356 624 χ

1325 639 1391 698 ter
1415 627 1654 709 admoneam,
1681 649 1756 696 non
1781 637 1833 696 est
1855 649 1997 717 semper
2021 625 2059 693 in
2083 623 2213 694 fabulis
2239 624 2323 693 ratio

1336 732 1563 826 quaerenda;
1594 733 1656 800 scd
1678 729 1763 800 satis
1789 730 1836 799 sit
1869 729 2104 822 aliquousque
2134 721 2325 818 deprehen·

1336 833 1450 916 disse,
1471 833 1560 928 quid
1576 833 1774 924 significare
1788 843 1894 923 poeta
1912 832 2077 900 voluerit.
2129 827 2221 904 Nam
2242 829 2326 900 sicut

1337 937 1375 1004 in
1393 936 1533 1028 pictura
1559 939 1717 1008 rationes
1735 959 1810 1004 non
1832 959 1974 1026 semper
1989 946 2073 1004 sunt
2089 935 2324 1026 quaerendae,

1338 1063 1401 1110 cur
1424 1039 1590 1110 arborem
1614 1039 1664 1110 sic
1688 1039 1862 1132 pinxerit,
1901 1063 1980 1108 cum
2010 1035 2139 1130 aliquis
2169 1048 2325 1104 montem

1339 1141 1486 1233 pingere
1508 1143 1683 1234 potuerit:
1709 1143 1756 1210 ita
1774 1167 1840 1212 nec
1864 1143 1902 1210 in
1925 1139 2207 1234 expositionibus
2233 1139 2326 1208 fabu-

1337 1246 1455 1314 larum
1481 1248 1528 1313 ad
1553 1246 1722 1316 amussim
1746 1245 1867 1314 omnia
1892 1257 1976 1315 sunt
1992 1243 2169 1314 rimanda.
2224 1241 2324 1334 Quod

1340 1360 1459 1416 autern
1488 1372 1567 1440 spes
1592 1351 1766 1420 remansit
1794 1349 1831 1416 in
1855 1348 1994 1440 pixide,
2020 1347 2195 1438 significat
2218 1343 2325 1414 nemi-

1339 1475 1422 1520 nem
1446 1463 1519 1520 tarn
1547 1453 1742 1542 desperatis
1765 1455 1871 1521 rebus
1894 1476 1987 1534 esse,
2023 1449 2111 1544 quin
2133 1447 2324 1542 aliquando

1340 1565 1468 1644 speret.
1518 1553 1623 1622 Unde
1642 1555 1748 1624 etiarn
1765 1555 2015 1646 proverbium:
2040 1553 2221 1644 Aegroto,
2248 1553 2324 1620 dum

1340 1656 1450 1738 vivit,
1475 1680 1555 1746 spes
1580 1657 1698 1752 estffl).
1749 1657 1843 1729 Nam
1867 1655 2098 1750 quantumvis
2121 1653 2194 1726 sint
2219 1657 2325 1723 durae

1339 1783 1415 1841 res,
1442 1770 1564 1826 tamen
1586 1785 1647 1852 spe
1666 1761 1806 1830 levatur
1828 1761 1981 1832 animus.
2032 1759 2137 1828 Unde
2164 1751 2324 1826 homines

1340 1863 1416 1930 nati
1443 1863 1573 1930 durum
1597 1887 1718 1954 genus.
1771 1863 1864 1934 Nam
1886 1863 1983 1932 nulla
2009 1874 2061 1932 est
2081 1860 2214 1944 bestia,
2239 1883 2323 1954 qnae

1340 1977 1489 2060 tantum·
1507 1966 1749 2058 perpetiatur,
1772 1979 1946 2060 quantum
1962 1961 2085 2034 homo.
2136 1961 2324 2054 Euripides

1340 2066 1588 2138 venustissime
1619 2067 1727 2152 dixit,
1758 2065 1902 2142 οἰστέον
1920 2063 1984 2142 καὶ
2007 2063 2265 2155 sintarine),
2290 2065 2323 2134 id

1342 2183 1412 2254 est,
1437 2171 1624 2241 serendum
1650 2185 1684 2242 et
1710 2175 1940 2263 sperandum.

1444 2297 1478 2342 v.
1500 2271 1561 2343 43.
1608 2269 1777 2370 Ῥηϊδίως
1796 2269 1872 2374 γάρ
1888 2267 1986 2370 nem]
2013 2271 2072 2342 Aa
2088 2295 2201 2340 mores
2223 2295 2318 2338 com-

1340 2397 1469 2444 munes
1496 2374 1662 2468 pertinet·
1680 2373 1768 2460 hoc,
1809 2390 1843 2446 et
1868 2375 2013 2468 respicit
2035 2373 2184 2460 illuc⁵⁴),
2220 2369 2314 2466 quod

1342 2477 1505 2568 vulgoffi)
1531 2478 1601 2548 dici
1616 2481 1722 2550 solet:
1749 2479 1943 2574 Quondam
1958 2477 2060 2548 facile
2086 2475 2193 2546 victus
2216 2497 2318 2566 para-

1341 2581 1468 2666 batur,
1494 2581 1580 2650 ulim
1605 2597 1707 2652 erant
1729 2583 1893 2653 modesti.
1945 2581 2037 2654 Nam
2063 2581 2167 2650 credo
2182 2590 2322 2671 poetam

1341 2683 1494 2754 voluisse
1524 2683 1723 2778 significare
1754 2683 2007 2780 cupiditatibus
2031 2697 2066 2754 et
2091 2683 2186 2756 vitiis
2207 2677 2325 2756 diffici-

1340 2787 1468 2856 liorem
1493 2787 1640 2858 vivendi
1663 2789 1842 2858 rationem
1863 2791 1994 2860 factam
2020 2811 2105 2860 esse.

1446 2915 1479 2961 v.
1505 2887 1566 2962 48.
1615 2885 1905 2990 dyscolopq'rqe]
1933 2891 2006 2986 Qui
2029 2891 2128 2960 vater
2143 2903 2180 2960 et
2195 2903 2327 2960 astutus

1342 3005 1413 3078 est,
1445 2997 1542 3088 quod
1573 2996 1682 3066 astuti
1709 2997 1856 3092 obliqua
1887 2996 2034 3066 consilia
2059 2993 2267 3078 inveniant,
2298 3003 2328 3061 et

1341 3121 1416 3167 non
1434 3098 1652 3170 meditentur
1669 3099 1810 3190 vulgari
1825 3099 1979 3169 ratione.
2040 3093 2209 3196 ci'yxvtov
2226 3097 2329 3179 enim,

1342 3203 1439 3296 quod
1462 3226 1610 3272 curvum
1635 3215 1670 3272 et
1687 3203 1873 3296 obliquum
1897 3215 1967 3286 est,
1990 3201 2177 3290 significat.

1445 3330 1479 3376 v.
1502 3301 1564 3376 58.
1602 3302 1666 3378 ἑὸν
1685 3301 1804 3378 κακὸν
1823 3297 2161 3404 ἀμφαγαπῶντες.]
2186 3301 2243 3374 lta
2263 3305 2329 3373 lere

1341 3405 1528 3477 nobiscum
1559 3407 1696 3498 agitur,
1727 3421 1834 3503 atque
1864 3433 1904 3477 ea
1933 3421 1985 3478 est
2015 3407 2174 3476 conditio
2214 3431 2329 3478 rerum

1341 3505 1595 3581 humanarum.
1649 3509 1784 3582 Omnes
1806 3536 1929 3581 errore
1951 3524 2115 3580 tenemur
2134 3523 2248 3604 atque
2276 3509 2331 3577 illo

1342 3613 1573 3684 delectamur.
1624 3609 1675 3683 lta
1700 3640 1822 3686 sumus
1845 3615 1963 3698 stulti,
1986 3626 2025 3683 ut
2050 3613 2131 3682 illae
2157 3611 2262 3705 ipsae
2280 3637 2332 3680 cu-

1342 3715 1528 3808 piditates,
1563 3741 1655 3812 quae
1682 3719 1800 3788 omnis
1832 3718 1970 3810 generis
1996 3717 2090 3786 mala
2114 3741 2241 3788 secum
2268 3731 2334 3785 tra-

1341 3813 1453 3903 bunt,
1476 3843 1544 3890 nos
1565 3820 1752 3894 delectent.

1447 3949 1481 3994 v.
1507 3923 1568 3994 60.
1609 3919 1827 4020 Ἥφαιστον
1848 3915 2087 4019 δ’ἐκὲλευσε.]
2116 3919 2335 3992 Distributio

1343 4037 1414 4111 est,
1455 4037 1495 4095 ut
1527 4025 1644 4095 oratio
1674 4029 1737 4098 fiat
1767 4026 1965 4120 eopiosior;
2006 4037 2196 4094 enumerat
2233 4025 2338 4104 enirn,

1343 4130 1527 4224 quomodo
1543 4129 1713 4198 Pandora
1736 4129 1782 4201 sit
1804 4129 1969 4213 condita,
1995 4141 2031 4198 et
2053 4131 2245 4222 quomodo
2273 4129 2339 4198 sin·

1343 4231 1416 4324 guli
1432 4229 1493 4298 Dii
1508 4231 1546 4300 in
1560 4227 1653 4302 hanc
1670 4233 1857 4303 mulierem
1876 4231 2012 4327 aliquid
2035 4231 2279 4313 contulerint;
2309 4239 2341 4298 et

1343 4333 1518 4428 significat
1540 4347 1645 4426 poeta
1668 4361 1743 4406 non
1767 4363 1879 4407 unum
1905 4359 1978 4405 esse
2003 4359 2113 4428 genus
2129 4333 2342 4430 voluptatis,

1344 4439 1649 4534 quemadmodum
1679 4439 1792 4536 illeW)
1813 4441 1880 4510 ait:

1408 4557 1505 4616 Nemo
1527 4567 1654 4637 repente
1674 4557 1732 4620 tuit
1754 4559 1950 4640 turpissimus.
1991 4557 2144 4635 Accipient
2165 4565 2199 4616 te

1406 4659 1562 4720 Paulatim.

1348 4801 1388 4811 -ι
1392 4800 1555 4811 ...αι-...-

1378 4876 1428 4934 02)
1447 4875 1489 4924 De
1508 4875 1560 4994 ppo
1578 4871 1726 4936 proverbio
1744 4871 1947 4926 contuerunt
1966 4871 2053 4936 stuttg.
2072 4871 2134 4922 citt.
2150 4871 2185 4924 u.
2205 4877 2286 4924 cent.
2302 4871 2349 4922 tv.

1412 4956 1492 5008 prov.
1526 4953 1551 4994 ·.

1377 5029 1427 5090 00)
1446 5031 1524 5080 liaeo
1541 5031 1627 5080 verbs
1645 5028 1688 5078 ste
1705 5027 1852 5078 coniuncte
1868 5027 1895 5076 tn
1915 5027 2054 5090 Euripidis
2072 5027 2200 5086 tregoed.
2221 5039 2286 5080 non
2309 5028 2353 5076 in·

1412 5099 1497 5233 ppptp
1511 5095 1753 5218 logprquotegitnr
1777 5097 1870 5149 orest.
1889 5097 1966 5162 717.,
1998 5097 2104 5148 Alcest.
2123 5095 2202 5159 m,
2250 5097 2353 5148 steten.

1376 5254 1428 5312 01)
1453 5249 1532 5317 llluc]
1562 5251 1606 5302 sle
1635 5253 1719 5302 editt.
1746 5251 1839 5318 10110,
1871 5251 1963 5312 1011..
1995 5251 2087 5316 teet„
2120 5251 2215 5316 1001,
2255 5253 2356 5312 tuem

1412 5319 1500 5374 unu.
1520 5321 1714 5385 test-uos.
1735 5321 1819 5384 tttud3
1837 5323 1888 5375 tto.
1909 5321 1984 5373 1007.
2002 5321 2114 5372 editoe.

1376 5407 1426 5468 00)
1444 5408 1545 5472 volgo]
1563 5407 1613 5459 00
1635 5406 1709 5460 1007.
1728 5419 1827 5458 errore
1845 5409 1957 5472 typogr.
1976 5406 2063 5469 vntgt.

1378 5496 1428 5556 01)
1444 5495 1566 5546 tovensi.
1585 5495 1646 5547 011.
1662 5493 1690 5556 2,
1705 5491 1750 5548 00.
1767 5494 1811 5545 81.
