4748 6108
305 211 381 282 ...ι
893 197 1768 281 vrnn.uur..scn1rrarnuoroerna.
2253 223 2311 298 roo

304 385 381 454 510
405 383 475 454 su.
499 377 547 448 Et
563 379 610 444 ad
624 387 763 446 aestum
780 372 866 446 solis
883 369 1074 465 pulchrum
1096 389 1150 447 est
1165 378 1310 466 bibere,
1415 378 1453 450 Si
1467 379 1655 473 reliqueris
1671 381 1829 474 aliquid,
1858 381 2024 452 arefaciet
2041 396 2075 455 te
2088 383 2242 468 Raeebns.

355 485 558 554 Accumbas
575 475 646 551 bue
664 501 804 572 ponens
820 478 934 548 latera
951 478 992 548 in
1009 492 1119 552 terra.
1163 534 1166 542 .
1417 485 1507 575 Gyel.
1534 479 1595 566 lu,
1622 484 1679 567 iu,
1801 525 1805 532 ·

358 591 450 680 cycl.
477 586 570 656 Ecce
587 607 700 680 quare
717 595 892 652 craterem
910 595 993 674 post
1008 609 1065 654 me
1080 583 1213 676 ponis?
1416 586 1467 656 Ut
1482 585 1653 655 inclinavi
1666 583 1745 667 vix,
1772 609 1869 654 mera
1888 599 1940 657 est
1954 592 2086 679 gratia,

356 696 428 766 su.
462 693 515 763 Ne
540 713 711 783 praesens
735 686 866 779 aliquis
891 683 1152 778 apprehendat.
1224 693 1316 783 Gyel.
1417 689 1566 760 Coelum
1582 685 1673 758 mihi
1689 687 1839 757 mixtum
1858 689 2000 760 videtur

723 788 854 860 Bibere
876 790 985 881 igitur
1366 787 1442 864 575
1469 793 1625 878 Terrae,
1652 791 1740 862 ferri
1755 789 1850 862 lovis
1866 788 2038 864 thronum

358 899 571 972 Clanculum
590 909 630 966 tu
646 893 714 975 vis;
743 918 858 987 ponas
874 893 993 986 ipsum
1011 895 1050 964 in
1067 897 1239 968 medium.
1418 895 1555 980 Video,
1582 911 1617 966 et
1633 895 1754 965 omnia
1772 895 1933 968 numina.

310 1002 387 1076 545
412 1005 472 1074 Tu
489 1025 594 1082 vero,
621 995 772 1092 hospes,
808 997 865 1068 dic
886 1021 1040 1084 nomen,
1075 1003 1316 1095 quomodote
1418 1001 1502 1073 Non
1516 1001 1624 1069 velim
1643 999 1815 1081 osculari,
1839 999 1869 1068 si
1887 995 2049 1072 Charites
2065 1003 2159 1094 ipsae
2175 1029 2226 1074 me
2249 1031 2323 1074 osea-

725 1113 870 1194 oportet
893 1101 1042 1172 vocari?
1779 1101 1848 1169 lari
1867 1117 2104 1184 conarentur;

366 1215 477 1304 Ulyec.
504 1205 715 1286 Neminem,
743 1204 881 1300 aliquid
896 1206 1059 1276 beneficii
1082 1206 1260 1299 accipiens
1284 1221 1317 1276 te
1420 1207 1633 1302 Quieseam,
1658 1217 1845 1275 contentus
1861 1200 1929 1275 hoc
1946 1205 2173 1301 Ganymede,
2206 1258 2209 1266 .

728 1307 938 1380 laudavero.
1150 1365 1153 1372 .
1417 1311 1649 1391 Rectissime,
1676 1305 1905 1400 perGratias.
1956 1309 2125 1380 Delector
2136 1323 2247 1380 autem
2262 1337 2327 1406 qm-

365 1419 457 1508 Gycl.
483 1414 571 1485 Post
586 1435 711 1484 omnes
728 1411 845 1482 socios
860 1424 894 1480 te
912 1411 1098 1504 epulabor.
1501 1487 1505 1498 ,
1784 1413 1993 1481 dammodo

367 1523 478 1612 Ulyss.
504 1515 698 1608 Egregium
716 1537 847 1586 munus
861 1509 996 1607 hospiti
1011 1517 1094 1598 das,
1122 1515 1285 1611 Cyclops.
1370 1511 1446 1587 580
1472 1513 1548 1584 Hac
1563 1539 1602 1584 re
1620 1513 1731 1606 magis
1745 1537 1854 1608 quam
1871 1515 2092 1586 mulieribus.

362 1626 453 1716 cycl.
481 1621 575 1712 Age,
601 1620 690 1715 quid
706 1615 806 1708 agis?
834 1617 957 1688 vinum
975 1619 1086 1690 ebibis
1106 1619 1222 1690 clam?
1420 1621 1489 1691 Sil.
1514 1617 1591 1710 Ego
1611 1617 1706 1687 enim
1723 1643 1800 1689 sum
1816 1615 1910 1688 Iovis
1928 1619 2176 1712 Ganymedes,
2199 1619 2326 1712 Cyclops.

314 1723 482 1800 550511.
518 1724 620 1808 Non,
659 1723 720 1794 sed
744 1744 802 1790 me
823 1719 881 1790 ille
906 1723 1084 1794 osculatus
1109 1735 1180 1806 est,
1220 1724 1317 1817 quod
1422 1724 1512 1812 cycl.
1539 1719 1591 1791 lta
1617 1745 1680 1813 per
1703 1717 1844 1804 lovem,
1877 1745 1983 1814 quem
2012 1747 2079 1814 ego
2103 1723 2206 1814 rapio
2231 1719 2325 1788 allar-

730 1835 804 1894 tam
820 1825 1000 1898 formosus
1016 1851 1109 1898 sum.
1173 1878 1176 1886 .
1781 1825 1889 1894 dano.

367 1934 456 2025 Gaul.
471 1928 649 2012 Plorabis,
666 1949 791 1998 amans
805 1927 943 2012 vinum,
959 1931 1057 2024 quod
1072 1952 1146 1998 non
1159 1939 1258 1998 amat
1272 1940 1316 1999 le.
1420 1929 1489 1998 Sd.
1515 1927 1633 2009 Perii,
1660 1951 1681 1995 o
1699 1925 1782 2010 filii,
1809 1925 1919 2017 impia
1939 1927 2055 2019 patiar
2074 1929 2183 1996 mala.

366 2037 434 2110 sd.
461 2033 545 2106 Non
573 2056 636 2124 per
654 2027 798 2114 lovem,
834 2031 919 2124 quia
942 2045 976 2102 te
1000 2031 1088 2103 dieis
1113 2056 1235 2102 amare
1260 2057 1316 2100 me
1420 2032 1520 2102 Glor.
1551 2026 1800 2122 Reprehendis
1832 2041 2049 2114 amatorem,
2094 2047 2130 2100 et
2167 2033 2203 2100 in
2232 2027 2330 2100 deliciis

735 2128 938 2226 pulchrum.
998 2139 1002 2146 '
1777 2143 1916 2224 potum.

368 2243 459 2332 cycl.
487 2237 637 2310 lnsunde
654 2235 801 2330 plenum
818 2237 1009 2328 poculum,
1034 2241 1079 2308 da
1096 2251 1249 2308 tanturn.
1369 2229 1445 2306 585
1470 2239 1537 2308 sd.
1571 2236 1650 2307 lleu
1672 2236 1940 2306 acerbissimum
1970 2259 2143 2305 somnum
2162 2234 2209 2336 11)
2238 2235 2336 2304 videbo

366 2346 434 2417 Sd.
469 2343 664 2436 Quomodo
691 2349 743 2412 est
766 2352 1025 2431 temperatum,
1066 2341 1142 2412 sine
1166 2365 1316 2432 praegu-
1777 2339 1860 2410 tito.

734 2453 837 2513 stem.
1422 2445 1534 2532 wyse
1559 2443 1685 2534 Agite,
1702 2442 1840 2536 Satyri,
1866 2441 2027 2534 generosi
2045 2441 2127 2522 lilii,

317 2545 393 2624 656
422 2551 512 2642 (lyd.
541 2545 702 2630 Peribis,
729 2545 774 2616 da
792 2545 854 2616 sie.
904 2547 972 2618 Sd.
1000 2545 1083 2617 Non
1103 2569 1166 2638 per
1182 2543 1316 2628 lovem,
1419 2543 1518 2616 Intus
1536 2559 1588 2618 est
1604 2547 1659 2616 vir
1677 2569 1805 2615 somno
1823 2547 1979 2628 solutus,

728 2647 939 2742 priusquam
959 2661 993 2718 te
1339 2649 1345 2764 ¹
1419 2648 1499 2718 Cito
1518 2675 1560 2720 er
1577 2652 1676 2721 tetris
1690 2649 1851 2720 lancibus
1867 2649 1982 2719 eiiciet
1998 2669 2150 2729 earnes,

366 2757 549 2826 Coronam
566 2753 691 2823 videro
709 2752 964 2844 accipientem,
992 2750 1142 2842 gustabo
1161 2746 1289 2822 adhue.
1420 2749 1466 2821 Et
1478 2753 1587 2822 torris
1604 2753 1642 2822 in
1658 2753 1737 2822 aula
1757 2754 1889 2836 fumat,

368 2861 459 2951 Gyel.
483 2857 517 2928 Ο
537 2857 748 2952 pincernam
766 2855 952 2925 iniustum.
1367 2847 1443 2926 590
1468 2853 1516 2924 Et
1529 2870 1676 2948 paratus
1692 2867 1759 2926 est:
1786 2852 1877 2924 nihil
1892 2867 2002 2925 restat
2018 2877 2135 2948 quam
2154 2851 2326 2920 incendere

364 2963 433 3036 Sd.
460 2961 544 3034 Non
556 2985 621 3055 per
636 2957 780 3042 lovem,
804 2959 866 3028 sed
884 2957 1009 3026 vinum
1026 2967 1079 3025 est
1093 2955 1212 3036 dulee;
1418 2956 1582 3052 Cyclopis
1598 2961 1758 3040 oculum;
1785 2961 1845 3030 sed
1861 2957 1963 3041 vide,
1987 2968 2027 3026 ut
2040 2957 2102 3024 vir
2119 2955 2180 3026 sis.

365 3065 591 3160 Despumare
611 3077 645 3134 te
664 3061 790 3146 debes,
818 3073 858 3132 ut
874 3059 1027 3152 accipias
1042 3059 1177 3130 bibere.
1418 3064 1516 3134 olor.
1542 3063 1625 3133 Sari
1640 3063 1801 3132 animum
1819 3075 1854 3131 et
1871 3059 2075 3131 adamantis
2092 3055 2277 3128 habemus.

365 3173 455 3262 Gyol.
481 3167 573 3240 Ecce
588 3168 689 3238 labra
704 3175 789 3235 sunt
804 3187 895 3256 pura
909 3177 945 3233 et
958 3165 1071 3232 barba
1086 3158 1187 3232 mihi.
1416 3159 1605 3255 Ingredere
1622 3168 1789 3250 domum,
1815 3165 2023 3260 priusquam
2038 3175 2151 3254 pater
2169 3159 2256 3232 sciat

314 3269 391 3346 560
417 3273 486 3344 Sd.
512 3271 633 3342 Ponas
648 3267 809 3340 cubitum
825 3278 941 3352 reete,
968 3267 1098 3336 deinde
1115 3265 1210 3346 bibe,
1415 3265 1704 3354 Liberalionem,
1730 3282 1771 3340 ut
1784 3267 1850 3338 tibi
1865 3269 1961 3339 intus
1977 3265 2103 3335 omnia
2122 3275 2252 3356 parata
2266 3255 2332 3328 sini·

364 3377 464 3446 Sicut
480 3373 580 3444 vides
595 3397 652 3442 me
667 3371 849 3441 bibentem
868 3383 904 3438 et
919 3372 1010 3440 sicut
1029 3395 1105 3438 non
1122 3365 1247 3460 mefl).
1364 3367 1439 3442 595
1470 3374 1580 3463 Ulyss.
1607 3373 1785 3455 Vulcano,
1812 3395 1876 3440 rex
1890 3370 2070 3452 Aetnaee,
2100 3365 2227 3438 vicino
2244 3357 2326 3430 malo

365 3479 457 3566 Gyel.
484 3472 542 3544 Ah
560 3471 618 3558 ab,
633 3475 721 3569 quid
734 3471 847 3538 facis?
887 3475 954 3540 sd.
982 3470 1148 3540 Suaviter
1165 3463 1311 3538 exhausi
1413 3473 1588 3547 Lucidum
1607 3477 1682 3548 eius
1698 3476 1924 3545 inflammans
1941 3471 2112 3554 oculum,
2150 3471 2263 3539 libera
2280 3454 2345 3540 te³⁰l

727 3570 964 3662 unoimpetu.
1771 3577 1900 3661 semel,

365 3678 456 3768 cycl.
492 3675 698 3768 decipiens,
730 3669 879 3766 hospes,
916 3674 991 3767 ipse
1016 3673 1186 3766 pincerna
1211 3699 1310 3746 meus
1412 3679 1459 3750 Et
1476 3693 1534 3767 tu,
1560 3683 1722 3774 onigrae
1737 3679 1861 3754 Noctis
1875 3679 1947 3761 lili,
1974 3677 2139 3758 Somne,

729 3790 816 3847 8⁸1⁰·
1411 3785 1617 3857 Profundus
1634 3786 1755 3856 venias
1774 3783 1914 3854 belluae
1930 3779 2069 3850 invisae
2085 3779 2196 3858 Deo,

368 3883 480 3974 Ulyss.
503 3880 658 3950 Paratur
674 3879 754 3949 vitis
771 3904 844 3950 esse
860 3879 896 3947 in
913 3905 990 3950 mea
1007 3905 1128 3951 manu.
1411 3887 1457 3958 Et
1473 3915 1517 3959 ne
1533 3903 1615 3981 post
1632 3901 1686 3958 tot
1701 3887 1861 3980 egregios
1875 3883 2058 3955 Troianos
2078 3883 2233 3952 labotes

314 3981 390 4058 565
415 3985 506 4076 Gycl.
539 3986 615 4074 Age
635 4007 730 4052 nunc
754 3983 914 4054 infunde.
993 3987 1104 4079 Ulyrs.
1141 3981 1307 4070 lufundo,
1330 3919 1337 4082 1
1361 3988 1436 4064 000
1462 3989 1582 4084 Ipsum
1599 4005 1635 4064 et
1650 3991 1765 4063 socios
1785 3989 1924 4082 perdite
1939 3985 2137 4080 Ulyssem,
2291 4076 2297 4090 ι

723 4098 797 4155 tace
815 4090 937 4157 modo.
1409 4096 1480 4164 Per
1496 4091 1591 4166 hune
1607 4095 1746 4179 virum,
1770 4093 1832 4188 qui
1855 4117 1920 4162 nee
1936 4089 2034 4172 Diis,
2062 4113 2136 4158 nee
2164 4074 2344 4158 hominibus

363 4191 453 4283 Gyol.
501 4188 592 4258 llem
626 4189 804 4259 difficilem
840 4190 959 4262 dixisti
992 4191 1072 4273 illi,
1122 4192 1183 4286 qui
1216 4191 1307 4261 bibit
1692 4251 1695 4256 .
1766 4219 1872 4266 curae
1889 4206 1951 4265 est.

724 4295 889 4366 multum.
1409 4297 1512 4384 „Aru
1530 4300 1729 4370 Fortunam
1745 4299 1858 4369 Deam
1881 4321 1955 4369 esse
1970 4293 2184 4364 existimari
2204 4311 2291 4382 opus
2303 4285 2348 4351 0⁵¹*

367 4397 477 4486 Ulycr.
502 4394 592 4468 Eece
611 4397 786 4490 accipiens
803 4399 925 4481 ebibe,
952 4409 986 4465 et
1002 4390 1092 4464 nihil
1110 4397 1304 4492 relinquas,
1406 4403 1477 4476 Res
1495 4404 1635 4475 divinas
1652 4428 1738 4473 vero
1755 4403 1900 4473 fortuna
1917 4397 2128 4470 inferiores.

361 4498 546 4571 Commori
561 4515 702 4594 oportet
716 4501 888 4572 iacentem
906 4525 987 4570 eum
1004 4495 1072 4568 hoe
1087 4501 1229 4590 poculo.

361 4605 451 4694 cycl.
477 4605 615 4699 Papae,
637 4603 778 4698 sapiens
797 4606 902 4702 escffl)
920 4603 1058 4696 lignum
1075 4603 1168 4674 vitis.
1716 4565 1985 4670 [symm]

307 4701 383 4777 570
420 4710 530 4798 Ulyss.
572 4709 622 4780 Ul
653 4709 846 4801 sumpseris
887 4711 933 4778 ad
976 4706 1094 4778 cibum
1135 4707 1301 4790 multum,
1406 4715 1505 4786 Char.
1531 4703 1821 4802 comprehendet
1838 4707 1969 4778 collum

718 4813 871 4882 multum
1353 4813 1429 4886 605
1455 4813 1593 4884 latente
1610 4837 1737 4883 cancer

358 4912 570 4987 Madefacies
613 4939 687 4982 non
729 4915 907 4985 sitientem
950 4923 1141 4996 ventrem,
1194 4926 1228 4982 et
1262 4911 1299 4980 in
1403 4914 1822 5012 Hospitumepulatoris;

716 5041 883 5088 somnum
909 5039 1092 5093 eonucaes3
1351 5081 1556 5095 ...-

307 5141 513 5158 —un—

1384 5161 1432 5218 19)
1451 5159 1589 5216 somnum]
1604 5155 1646 5205 sio
1659 5157 1742 5206 Baro.
1754 5155 1803 5212 t:
1815 5151 1900 5203 uuirt.
1915 5147 2112 5210 1111111551,
2134 5151 2237 5208 nerra,
2257 5145 2347 5202 Moser·

331 5239 379 5300 17)
398 5243 426 5290 et
443 5239 515 5292 sloot
531 5252 587 5290 uon
598 5240 664 5298 me]
682 5236 725 5287 sle
737 5237 818 5287 Rern.
832 5239 879 5295 (z
894 5233 987 5296 uurtp.
1005 5229 1040 5300 χ’
1058 5228 1146 5300 ὥςπερ
1165 5223 1216 5284 oda
1231 5231 1297 5302 1μ1;
1418 5223 1540 5292 duram
1562 5225 1646 5275 uuirt.
1662 5225 1751 5286 15511,
1768 5221 1843 5272 1552.
1857 5221 1954 5270 mondo
1968 5223 2104 5281 snoges
2127 5229 2265 5277 soranum
2284 5209 2348 5262 Fir-2

365 5309 441 5362 utra
470 5311 554 5374 utque
572 5321 615 5360 rre
633 5310 693 5361 lam
716 5317 773 5358 nou
797 5303 908 5370 eldea„
944 5303 1028 5354 uuirt.
1045 5303 1137 5365 1555,
1169 5303 1243 5355 1551.
1268 5304 1298 5352 ot
1418 5289 1548 5350 οἷνον-
1566 5295 1669 5346 vinum.

367 5377 439 5430 ¹¹⁰¹¹t
456 5391 519 5432 ¹¹⁰⁰·
1382 5382 1429 5450 80)
1448 5385 1535 5433 libera
1552 5382 1595 5440 te]
1622 5379 1664 5428 sio
1680 5380 1784 5440 Musgr.
1811 5374 1859 5442 (=
1877 5373 1969 5436 Eurlp.
1987 5363 2224 5440 duulldfflud'3
2261 5369 2345 5418 durus

326 5465 377 5530 18)
397 5469 455 5528 est]
475 5463 712 5517 serueueram.
732 5465 760 5514 et
778 5461 911 5524 reosutt.;
941 5457 1083 5514 511558.
1106 5459 1141 5508 et.
1321 5507 1323 5512 ,
1415 5453 1503 5504 ttbsm
1520 5449 1604 5515 uos),
1624 5447 1817 5511 usitamus,
1837 5441 2058 5496 1551011105.
