4748 6108
310 224 386 310 828
895 209 1019 286 PHlL.
1051 213 1165 290 MEL.
1198 215 1401 290 scalpra
1432 209 1769 288 rflmotoctca.
2245 217 2299 292 ill

361 395 433 472 Sed
450 413 497 466 ua
510 409 623 482 equus
638 383 803 480 quidem,
829 385 894 478 qui
911 385 1055 457 avulsus
1070 401 1124 458 est
1412 387 1451 460 si
1464 382 1552 459 haec
1569 385 1705 468 leceris,
1721 383 1963 454 incommune
1976 378 2176 456 exhilarabis
2189 387 2301 470 amicos,

314 493 390 569 665
412 497 446 566 Α
461 512 628 582 compare
644 511 729 568 suo,
754 485 859 558 facile
875 483 988 562 trahit
1002 489 1146 583 iugum5
1412 491 1459 561 Et
1473 491 1584 562 lilium
1602 489 1675 559 mei
1690 487 1755 557 lilii
1769 485 1905 579 poteris
1919 487 2010 556 bene
2026 487 2186 572 educare,

251 667 258 672 .
366 595 477 691 Atqui
493 591 606 668 tutia
624 601 677 664 est
691 601 811 676 muta,
1413 593 1612 666 Maximum
1628 589 1875 662 adiumentum
1894 588 2046 673 Troiae,
2071 589 2286 684 utaliquando
2343 643 2344 682 .

365 700 469 795 Quae
492 707 651 770 mentem
676 716 752 764 uon
773 687 901 778 babet,
935 706 970 764 et
999 719 1021 766 a
1049 708 1179 767 natura
1205 697 1312 770 desti-
1359 738 1367 752 ·
1414 696 1501 770 Nati
1515 721 1557 766 ex
1573 694 1635 763 illo
1650 691 1755 764 liberi
1771 715 1914 763 rursum
1929 683 2032 760 lliuin

729 793 853 867 tuitur.
1365 800 1440 870 700
1464 798 1688 880 Restituunt,
1714 807 1750 865 et
1764 793 1983 866 instauretur
1996 795 2092 869 urbs.

368 902 423 978 Te
445 925 551 986 vero,
587 895 693 972 chare
717 895 870 982 Hector,
904 892 1016 970 habui
1040 901 1158 973 virum
1185 925 1313 974 conve·
1416 901 1551 974 Vernm
1568 900 1658 972 alius
1672 898 1783 972 alium
1800 892 1911 968 trahit
1926 921 2055 969 sermo.

725 1000 885 1068 aientem
904 997 996 1070 mihi
1417 1005 1534 1099 Quem
1550 1027 1693 1074 rursum
1711 1001 1815 1071 video
1834 999 2011 1070 Graecum
2027 999 2218 1071 ministrum

374 1108 515 1190 Mente,
554 1121 700 1195 genere,
737 1100 865 1192 opibus
897 1115 932 1174 et
965 1104 1175 1176 fortitudine
1205 1107 1315 1177 excel·
1417 1107 1495 1178 Huc
1535 1108 1780 1187 accedentem,
1829 1125 2009 1173 novorum
2045 1103 2201 1174 nuntium
2227 1098 2307 1168 consi·

737 1203 888 1276 lentem:
904 1257 909 1266 .
1465 1277 1469 1282 ,
1787 1203 1947 1276 liornm?
2304 1259 2307 1264 ,

326 1311 401 1382 670
425 1307 611 1400 Accipiens
625 1328 682 1376 me
696 1303 868 1380 intactam
885 1330 928 1376 ex
946 1309 1055 1377 domo
1071 1323 1241 1401 paterna,
1422 1313 1534 1384 aaut.
1564 1305 1747 1403 Phrygum
1771 1305 2069 1399 praestantissimi
2092 1306 2173 1376 olim
2196 1300 2307 1372 conium
2343 1317 2344 1336 ¹

376 1411 520 1492 Primus
536 1408 746 1501 virginalem
759 1407 907 1480 iunxisti
920 1403 1130 1484 thalamum.
1778 1408 1962 1494 Hectoris,

376 1515 481 1588 Nunc
493 1525 613 1590 autem
631 1523 671 1584 tu
686 1509 841 1602 periisti;
869 1535 935 1604 ego
951 1525 1071 1583 autem
1089 1515 1219 1608 navigo
1370 1511 1445 1586 705
1470 1513 1525 1585 Ne
1540 1537 1599 1582 me
1616 1512 1701 1582 odio
1716 1509 1867 1591 habeam
1892 1533 1967 1580 non
1984 1511 2081 1580 enim
2097 1505 2306 1580 volensnuntio

374 1615 418 1687 lu
432 1615 620 1687 Graeciam
639 1613 780 1705 captiva
795 1615 842 1683 ad
856 1613 1076 1690 servitutem.
1419 1615 1568 1688 Publica
1587 1613 1865 1712 Graecorum⁴⁷)
1879 1614 2033 1684 decreta.

379 1723 437 1790 An
454 1741 530 1796 nott
544 1718 687 1790 minora
704 1715 792 1788 meis
806 1711 914 1786 habet
928 1717 1024 1786 mala
1420 1724 1533 1792 Andr.
1565 1717 1663 1811 Quid
1687 1731 1758 1802 est,
1798 1717 1897 1814 quod
1920 1727 1994 1786 tam
2019 1712 2153 1784 malum
2174 1711 2301 1782 exordium

329 1817 404 1894 675
431 1821 531 1890 Mors
547 1820 770 1912 Polyxenae,
797 1843 906 1910 quam
923 1831 963 1889 tu
978 1819 1112 1911 gemis?
1778 1816 1933 1909 incipis?

379 1917 504 2008 „Mihi
525 1922 622 1994 euim
644 1920 763 2001 nulla,
801 1943 892 2012 quae
916 1923 1084 1996 omnibus
1105 1922 1321 2017 relinquitur
1426 1925 1536 1995 Tatta.
1563 1919 1754 1994 Decretum
1782 1933 1835 1993 est
1857 1917 1954 1992 hunc
1974 1941 2149 2012 puerum,
2179 1913 2299 2009 quanda

742 2022 974 2108 mortalibus,
1783 2026 1933 2118 eloquar
1947 2017 2177 2098 sermonem?

381 2127 578 2220 „Superest
600 2147 701 2218 spes,
741 2146 859 2217 neque
887 2125 1056 2198 inducere
1087 2126 1126 2196 in
1158 2127 1320 2197 animum
1423 2132 1536 2200 Andr.
1571 2125 1666 2199 Num
1691 2153 1765 2200 non
1791 2129 1945 2197 eundem
1968 2124 2158 2198 dominum
2177 2121 2307 2192 nobbcm

259 2323 263 2330 .
738 2247 859 2298 meum
878 2252 1025 2320 possum
1775 2225 1933 2298 habere?

382 2330 473 2415 „Me
498 2331 588 2399 benc
610 2323 930 2416 habituramesse,
965 2355 1045 2400 cum
1078 2329 1181 2401 dulce
1211 2332 1256 2402 sit
1286 2331 1322 2401 id
1374 2330 1449 2401 710
1479 2333 1590 2404 Taltlt.
1617 2330 1744 2404 Nullus
1766 2331 1989 2402 Graecorum
2016 2325 2103 2400 huic
2128 2320 2311 2398 dominabitt

741 2429 851 2500 etiam
873 2432 1018 2524 lingere.
1784 2457 1957 2528 uuquam.

384 2536 483 2608 otor.
520 2529 561 2606 lu
585 2533 735 2604 eandam
759 2532 858 2603 venis
887 2527 1144 2615 calamitatem
1187 2535 1323 2606 lamen·
1424 2539 1536 2607 Andr.
1562 2535 1621 2606 An
1645 2532 1703 2604 hic
1723 2550 1867 2629 oportet
1887 2537 2005 2628 ipsum
2030 2533 2238 2629 relinquere,
2262 2523 2311 2594 reli·

742 2646 822 2706 taus
838 2659 925 2707 vero
1784 2639 1885 2734 quiae
1902 2633 2115 2732 Phrygum?

333 2737 408 2812 680
434 2737 553 2812 Tuam
569 2738 933 2812 calamitatemduces
948 2763 1026 2824 me,
1052 2739 1090 2808 in
1106 2739 1235 2833 quibus
1250 2763 1323 2809 ma·
1430 2741 1541 2810 Tatta.
1573 2738 1656 2812 Non
1679 2741 1772 2825 scio,
1812 2741 1997 2836 quomodo
2029 2739 2096 2810 tibi
2123 2737 2217 2808 facile
2236 2731 2310 2801 dican
2343 2815 2344 2820 ἵ

743 2839 786 2910 lis
803 2840 883 2912 sim.
1783 2843 1892 2915 mala.
2343 2843 2344 2856 ¹

381 2949 463 3016 Hec.
477 2939 557 3035 Ipsa
570 2964 757 3036 nunquam
770 2940 928 3033 ingressa
940 2965 1018 3012 sum
1031 2937 1200 3035 scapham
1211 2945 1325 3028 navis,
1426 2949 1536 3021 dordr.
1562 2944 1691 3014 Laudo
1706 2947 1903 3040 pudorem,
1925 2944 1956 3016 si
1970 2945 2068 3014 bona
2086 2943 2220 3014 diceres.

382 3047 453 3120 Sed
468 3069 511 3122 ex
523 3056 715 3138 conspeetu
730 3041 890 3136 picturae
905 3056 941 3114 et
956 3043 1082 3115 auditu
1096 3045 1187 3116 scio:
1432 3049 1542 3118 Tatta.
1568 3046 1783 3124 interficient
1806 3061 1909 3118 tuum
1930 3046 2066 3131 lilium,
2100 3060 2141 3117 nt
2164 3039 2265 3114 audias
2283 3044 2311 3096 u-
2343 3091 2344 3132 ,

384 3147 453 3235 „Si
487 3149 606 3228 nautis
638 3159 830 3238 tempestas
858 3146 1049 3218 mediocris
1080 3160 1133 3218 cst
1161 3148 1207 3216 ad
1239 3148 1326 3216 tole·
1784 3165 1860 3222 tam
1882 3171 1972 3222 reru
2181 3211 2186 3230 ,

747 3249 923 3332 randum,
1033 3331 1034 3334 Ἴ
1379 3245 1454 3319 715
1479 3256 1591 3323 Andr.
1626 3251 1713 3338 Hei,
1756 3253 1864 3324 audio
1887 3275 2025 3324 novum
2048 3254 2181 3323 malum
2202 3257 2311 3316 meana
2343 3245 2344 3256 ¹

387 3351 562 3437 „liabent
592 3350 917 3444 promptitudinem
953 3349 1140 3432 laborum,
1182 3362 1224 3420 ut
1255 3375 1327 3422 ser·
1793 3356 2016 3450 nuptiarum.
2343 3341 2344 3412 l

748 3464 897 3533 ventur,
1432 3457 1543 3528 Tatta.
1575 3455 1696 3526 Vincit
1719 3460 1880 3554 Ulysscs,
1921 3456 2101 3550 dicens⁴⁸)
2128 3456 2165 3523 iu
2189 3447 2311 3520 convenil

336 3552 411 3627 685
439 3553 538 3640 „llic
567 3554 712 3646 quidem
742 3554 789 3622 ad
818 3552 978 3634 clavum,
1019 3549 1108 3622 alius
1135 3553 1182 3622 ad
1209 3553 1326 3625 velum
1698 3594 1705 3606 ·
1789 3563 2024 3632 Graecorum.

665 3681 673 3694 ·
742 3652 861 3737 vadit,
1428 3663 1540 3731 andr.
1562 3659 1648 3740 Hei;
1674 3687 1749 3732 non
1765 3665 1861 3733 enim
1875 3661 2073 3733 mediocria
2089 3658 2236 3751 patimur
2248 3637 2311 3754 malt:

389 3756 520 3845 „Alius
534 3755 711 3826 sentinam
724 3751 864 3837 haurit;
887 3755 918 3826 si
934 3767 1053 3825 autem
1071 3757 1292 3850 superaverit
1433 3764 1543 3832 Tatta.
1585 3761 1717 3835 Dicens
1748 3790 1824 3835 non
1863 3765 2033 3836 alendum
2077 3751 2247 3831 fortissimi
2274 3759 2310 3808 ¹¹¹¹

390 3861 653 3950 „Tempestaa,
674 3859 837 3932 cedentes
857 3857 1024 3929 fortunae
1789 3867 1916 3941 tilium.
2343 3869 2344 3878 ’

389 3961 617 4050 „Dimittuut
628 3985 665 4033 se
680 3959 943 4036 incursionibus
959 3961 1130 4038 fluctuum
1139 3957 1198 4057 ⁸³).
1430 3968 1542 4039 dordr.
1569 3965 1718 4037 Utinam
1735 3964 1804 4040 hoc
1818 3973 1931 4040 modo
1945 3969 2106 4040 vinceret
2120 3969 2165 4036 de
2177 3958 2247 4033 suis
2274 4047 2280 4062 ·

390 4067 448 4148 Sic
465 4078 500 4136 et
517 4089 605 4158 ego,
631 4065 742 4136 multa
757 4059 893 4136 habens
908 4065 1023 4149 mala,
1380 4067 1454 4142 720
1482 4069 1592 4140 Tatta.
1619 4069 1854 4164 Praecipitari
1865 4073 1983 4165 ipsum
2000 4074 2144 4166 oportet
2157 4067 2197 4134 de
2211 4072 2288 4129 turra·

339 4168 413 4242 690
439 4168 540 4244 Muta
556 4193 655 4250 sum,
681 4180 716 4238 at
731 4166 859 4240 omitto
878 4167 999 4262 eloqui
1012 4167 1092 4240 ista.
1429 4169 1499 4240 Sed
1512 4181 1553 4240 ut
1569 4173 1649 4257 fiat,
1676 4187 1711 4244 et
1724 4187 1764 4245 tu
1779 4175 1979 4268 sapientior
1993 4173 2157 4252 videare,

387 4271 507 4343 Vincit
523 4267 675 4366 animm)
696 4269 818 4341 infelix
839 4282 1048 4363 tempestas,
1083 4289 1175 4362 quae
1199 4263 1329 4334 divini-
1430 4271 1483 4345 Ne
1497 4273 1612 4344 retine
1628 4299 1730 4362 eum,
1755 4301 1879 4348 verram
1896 4297 2068 4367 generose
2089 4272 2202 4343 doleas
2220 4258 2251 4325 iu
2266 4261 2313 4315 tlt

747 4385 804 4445 tus
819 4373 929 4444 venit.
1685 4434 1689 4443 ,
1779 4379 1825 4450 tis
1846 4375 2026 4472 malh“);

390 4472 477 4555 Sed,
504 4497 526 4544 o
543 4473 615 4544 tilia
631 4473 815 4558 Hectoris,
841 4471 1062 4544 calamitates
1433 4475 1596 4572 Cumque
1612 4473 1703 4548 nihil
1717 4481 1852 4572 possis,
1877 4491 2012 4553 statuas
2027 4491 2063 4549 te
2078 4470 2168 4546 nihil
2178 4477 2272 4564 posse·

390 4571 544 4644 Omitte:
583 4599 770 4670 nunquam
799 4588 882 4646 tuae
906 4569 1111 4664 lachrymae
1135 4568 1329 4640 servabunt
1428 4577 1613 4674 Nusquam
1627 4577 1737 4654 habas
1750 4583 1941 4666 auxilium,
1967 4595 2002 4652 et
2016 4576 2105 4652 haec
2123 4565 2290 4674 considefl·

756 4699 859 4755 eum3
1379 4677 1453 4756 725
1478 4681 1611 4756 Civitas
1624 4685 1732 4778 periit
1747 4699 1782 4758 et
1796 4686 1959 4772 maritus,
1975 4697 2064 4756 ettu
2079 4707 2114 4754 es
2128 4679 2164 4746 in
2177 4659 2314 4743 scrv¹l¹²¹²t

390 4771 459 4844 Sed
473 4775 548 4844 cole
565 4789 788 4868 praesentem
803 4773 991 4848 dominum
1006 4783 1127 4853 tuum,
1425 4783 1472 4854 Et
1487 4809 1554 4858 110³
1568 4800 1693 4858 contra
1706 4811 1817 4860 unam
1831 4788 2019 4862 mulierem
2036 4799 2187 4880 pugnare

271 4965 277 4974 ι
341 4871 418 4956 696
443 4875 573 4948 Gratas
598 4877 780 4950 illecebras
810 4891 956 4948 tuorum
980 4895 1124 4944 morum
1152 4871 1327 4964 praehens
1378 4941 1582 4955 *—

742 4979 892 5055 mamm
1409 5023 1459 5084 47)
1475 5020 1659 5085 Gmecornm]
1683 5020 1726 5075 sto
1741 5022 1792 5078 Bt.
1808 5025 1903 5090 tactas
1937 5023 1968 5074 tn
1983 5021 2034 5073 Ed.
2050 5015 2123 5072 lm.
2144 5005 2227 5064 asam
2254 4983 2311 5042 m

1444 5096 1547 5146 recent.
1568 5092 1617 5159 (τι
1629 5093 1694 5144 text.
1713 5093 1947 5157 guillamatum
1965 5094 1993 5143 at
2011 5085 2199 5151 Petoptdarufl·

1407 5178 1457 5238 48)
1473 5177 1582 5238 dicans]
1599 5177 1798 5232 stultarum.
1816 5177 1864 5242 (a
1876 5178 1972 5242 lam-19·
1991 5175 2092 5244 urm
2120 5170 2209 5222 mnu,
2224 5145 2309 5206 mgr:

369 5244 419 5314 ὣ)
436 5247 469 5303 Η·
485 5247 506 5301 ¹⁸
521 5247 551 5298 m
561 5245 697 5302 mm
715 5247 782 5298 m
798 5253 902 5310 ΜΨ
924 5242 1065 5296 mum
1081 5240 1183 5292 mu·
1198 5241 1323 5306 ΜΕ·
1442 5244 1591 5312 loquacula
1613 5247 1664 5302 Ed.
1675 5245 1751 5297 1662.
1767 5245 1868 5301 dicam.

368 5345 521 5471 “leiim
546 5347 589 5400 m
605 5352 653 5425 q:
665 5345 758 5413 ruas.
775 5342 846 5416 ade)
862 5345 948 5402 rust.
962 5345 1040 5398 rasa.
1063 5345 1091 5396 a
1107 5343 1239 5408 rama,
1273 5340 1322 5394 ns.
1408 5329 1571 5452 sqq-ips]
1588 5331 1629 5382 su
1645 5329 1729 5382 rau
1745 5331 1836 5398 ross,
1853 5331 1955 5395 ram,
1972 5331 2094 5398 mnas-s
2113 5320 2163 5376 aa.
2175 5307 2238 5372 ¹⁵⁶³·
2252 5289 2309 5349 '³⁸¹¹'

473 5451 480 5469 ι
498 5429 569 5469 ΒΜ.
1525 5436 1532 5455 e

343 5151 548 5170 a*-
