4732 6098
333 261 404 334 751

382 433 456 522 1ρ5.
484 423 615 510 „Falsa
633 419 773 494 somnia
797 417 931 497 valete3
958 414 1049 488 nihil
1064 423 1160 490 enim
1178 421 1277 493 estis:

333 539 409 612 570
436 529 538 616 „Nec
555 525 672 619 genii,
699 521 763 617 qui
777 534 955 590 vocantur
968 525 1167 614 sapientes,

385 693 406 724 „
416 635 536 704 Minus
549 643 633 702 sunt
646 627 836 696 mendaces
851 625 1011 696 somniis.

385 739 548 828 „Magna
565 729 727 802 conlusio
744 740 795 798 est
813 727 849 796 in
868 729 974 798 rebus
991 729 1122 802 divinis

386 841 465 928 „Et
479 836 664 914 haarnanis;
689 829 759 901 lroc
774 853 886 900 unum
903 833 1082 927 reliquum
1102 848 1173 920 est,
1227 887 1230 894 .

385 944 493 1042 Quod
509 964 585 1010 non
602 937 727 1010 stultus
744 934 896 1004 existens
910 937 1014 1020 iilius,
1040 943 1099 1012 sed
1117 949 1236 1008 vatum
1255 960 1333 1006 ver.

743 1038 797 1106 bis
812 1061 1003 1127 persuasus

336 1148 412 1230 575
438 1146 569 1226 Periit,
596 1143 623 1213 si
640 1142 765 1212 saltem
783 1139 892 1232 periit
907 1141 978 1212 ille.

391 1259 488 1330 otor.
516 1247 594 1316 Heu
611 1243 699 1329 lieu,
728 1244 815 1338 quid
833 1268 899 1312 nos
916 1258 950 1314 et
966 1246 1080 1316 nostri
1097 1259 1282 1338 parentes,

388 1357 513 1442 „Num
544 1363 646 1434 sunt,
685 1370 732 1421 an
764 1371 840 1415 non
872 1349 980 1418 sunt?
1027 1349 1108 1444 quis
1140 1362 1247 1442 queat
1280 1347 1333 1416 di·

749 1447 911 1546 cere”)?

387 1565 459 1652 lpl.
487 1557 639 1640 Audite,
665 1553 858 1649 siquidem
884 1553 1046 1624 venimus
1070 1553 1109 1622 in
1133 1549 1200 1622 hoc
1226 1551 1333 1621 collo·

751 1656 896 1750 quium,

390 1769 436 1838 Et
451 1764 614 1834 venimus
632 1761 677 1829 ad
695 1760 888 1852 quiddam,
924 1759 1019 1851 quod
1046 1759 1113 1828 erit
1139 1759 1239 1828 vobis
1265 1759 1334 1828 uii-

684 1862 773 1946 lius,
801 1875 835 1930 et
851 1863 948 1956 quod
965 1861 1144 1952 accipietis
1160 1861 1334 1940 studiosc;

341 1977 416 2050 580
443 1971 489 2041 Et
505 1969 604 2064 quod
618 1969 663 2035 ad
678 1990 735 2034 me
751 1965 895 2048 attinet,
921 1977 1015 2034 recte
1032 1967 1111 2050 fiet,

393 2077 430 2146 Si
444 2073 548 2145 nobis
562 2070 736 2164 placuerit
748 2093 805 2140 res
823 2068 1000 2138 omnibus.

391 2169 477 2262 vis,
503 2176 533 2248 si
546 2188 579 2244 te
595 2196 804 2256 servavero,
830 2172 977 2242 nuntius
994 2167 1083 2240 mihi
1101 2195 1192 2253 esse,

390 2285 445 2352 Ad
464 2283 579 2372 Argos
595 2275 759 2359 veniens,
786 2276 872 2346 meis
899 2275 1040 2358 amicis,

394 2385 440 2456 Et
454 2383 524 2453 iliis
542 2383 635 2450 ferre
650 2380 797 2462 litteras,
826 2403 913 2473 quas
931 2379 1075 2472 quidem
1092 2403 1147 2446 me
1165 2374 1336 2446 miserans

342 2485 418 2562 555
450 2485 622 2578 Captivus
637 2481 794 2574 scripsit,
823 2505 938 2550 meam
959 2505 1033 2548 non

394 2590 609 2662 Existimans
632 2610 779 2656 manum
804 2609 877 2656 esse
898 2581 1182 2654 homicidialem:
1217 2595 1336 2650 tamen

757 2689 832 2778 lege

397 2796 462 2867 Est
477 2795 700 2874 interiectus,
724 2790 801 2858 Dea
818 2791 998 2859 indicante
1012 2787 1100 2858 haec
1118 2811 1191 2858 esse
1208 2785 1322 2856 iusta?

396 2898 586 2972 Neminem
606 2894 701 2963 enim
721 2889 850 2976 habui,
879 2895 939 2988 qui
955 2907 1115 2964 servatus
1131 2891 1302 2984 perferret

397 3003 496 3073 Meas
514 2999 652 3068 litteras
667 3000 784 3088 Argos

347 3105 422 3182 590
447 3105 503 3174 Ad
519 3125 619 3172 meos
636 3100 781 3170 amicos.

395 3211 454 3282 Tu
469 3219 586 3278 autern
606 3203 659 3299 (es
677 3204 792 3286 enim,
818 3213 858 3268 ut
880 3201 1039 3282 videtur,
1075 3197 1162 3268 milri
1189 3225 1263 3268 non
1288 3203 1340 3268 iu-

756 3308 885 3388 festus,

400 3414 448 3484 Et
460 3414 631 3505 Mycenas
646 3409 801 3492 novisti,
828 3421 862 3474 et
880 3431 970 3498 quos
988 3431 1052 3496 ego
1069 3407 1169 3500 volo)

403 3513 627 3595 servaberis,
654 3525 690 3579 et
706 3511 856 3601 accipies
870 3512 1068 3576 mercedem
1086 3534 1161 3577 nora
1179 3510 1285 3577 vilem

403 3619 559 3708 Propter
575 3615 668 3682 leves
684 3613 837 3693 litteras,
864 3611 974 3678 vitam
993 3611 1165 3682 videlicet.

355 3718 431 3794 595
457 3717 523 3790 lste
539 3741 646 3798 vero,
672 3717 701 3785 si
716 3715 861 3808 quidem
881 3713 1003 3782 civitas
1019 3710 1087 3784 iroc
1106 3716 1218 3804 cogit,

403 3824 502 3896 Deae
517 3823 579 3891 liat
595 3815 711 3887 hostia
727 3818 905 3888 seiunctus
921 3841 939 3881 a
957 3815 1058 3908 lew).

357 4031 562 4048 W

460 4173 509 4226 or.
528 4169 644 4234 Propter
663 4172 762 4220 malurn
782 4171 921 4221 mulierem
942 4173 1030 4226 uratia
1051 4171 1160 4224 inaurata
1178 4175 1266 4236 prriit.

460 4241 522 4306 tpt.
541 4239 642 4289 Mortui
661 4251 728 4291 vero
746 4244 790 4290 est
808 4241 879 4292 fliius
897 4243 982 4303 Argis
1000 4237 1108 4302 patriai

462 4315 512 4365 (ir.
529 4310 582 4358 liet
602 4309 717 4374 infelix,
742 4315 769 4360 et
789 4323 938 4374 nusquam,
959 4319 984 4359 ct
1005 4313 1110 4372 uiduae.

395 4447 443 4509 25)
464 4445 524 4510 ipa.
542 4445 628 4494 Falsa
641 4445 779 4496 -dicere
798 4448 855 4506 (vs.
868 4443 1056 4510 569-577.)]
1076 4447 1116 4494 sic
1129 4448 1177 4496 Ed.
1194 4450 1284 4512 raaa.;
1304 4453 1351 4504 ild.

433 4515 509 4564 7558.
525 4516 592 4562 haee
608 4515 703 4564 trabat:

467 4583 527 4646 ipit.
547 4582 826 4643 „Vanaiuson1nia,
845 4585 954 4649 valete,
973 4585 1039 4633 uitii
1058 4585 1128 4633 ostis
1149 4587 1249 4648 utique.

466 4651 585 4716 „Neque
604 4652 648 4714 qul
666 4654 807 4714 sapientes
829 4654 869 4702 iiii
890 4656 1040 4716 vocantur,

469 4719 662 4785 „i'oiucritrue
678 4723 792 4772 somniis
811 4727 875 4770 suut
893 4725 1037 4772 certiores.

470 4787 599 4852 „Magna
617 4792 785 4848 perturbatio
805 4792 831 4838 iu
851 4795 933 4840 rubras
952 4792 1052 4841 divinis
1072 4797 1130 4858 cst,

471 4856 588 4922 „Atque
605 4856 632 4903 iu
650 4857 789 4918 trumauie3
813 4871 894 4908 tratum
913 4862 1043 4921 superest
1063 4864 1166 4919 sairam,

473 4922 552 4986 Quod
563 4923 635 4971 oliae
646 4936 700 4974 raon
711 4927 869 4987 imprudens
882 4930 1024 4988 existens,
1040 4933 1148 4980 vatibus
1162 4935 1240 4982 idem
1255 4937 1355 4982 tianeus

471 4991 572 5055 Periit,
591 4993 718 5054 tauquam
737 4995 841 5056 periret
861 4997 1026 5046 videntibus.

473 5061 559 5114 Ctur.
578 5059 685 5128 Papae,
703 5073 807 5128 pupae,
834 5065 896 5126 quid
915 5071 1010 5114 causet
1029 5067 1117 5116 riustri
1135 5071 1289 5134 genitores,

473 5131 568 5192 „Num
588 5123 674 5179 eunti
696 5141 732 5180 au
751 5143 805 5180 uuu
823 5127 907 5182 sorni
931 5135 991 5196 qun
1011 5135 1100 5186 dicere
1119 5133 1222 5200 clueat?

406 5263 454 5330 25)
475 5265 535 5329 ipit.
553 5267 653 5318 Audite
671 5295 705 5306 -
722 5281 738 5318 a
757 5275 792 5318 te.
812 5272 864 5332 (ra.
880 5271 1067 5334 tis—aaari
1086 5275 1123 5322 nic
1144 5277 1191 5326 ud.
1204 5277 1292 5334 tiaza
1312 5277 1361 5326 Ed.

433 5335 540 5466 idm
558 5403 673 5466 Audite,
700 5405 909 5470 inaniloquium
930 5411 999 5459 euim
1020 5413 1157 5467 verrinum,

480 5473 516 5520 itt
534 5472 612 5522 vobis
630 5473 776 5530 auxilium.
796 5487 812 5526 o
832 5479 971 5544 hospites,
993 5481 1072 5530 ratde
1090 5481 1226 5542 studioso,

836 223 839 230 ’
922 243 1045 318 earu.
1078 247 1191 322 aruc.
1224 247 1426 322 scuram
1458 249 1794 324 patronorum.
2258 257 2304 330 ur

1433 431 1492 501 Or.
1520 426 1629 496 Recte
1646 423 1764 495 dixisti
1783 435 1942 505 caetera,
1967 417 2173 514 praeterhac
2186 449 2282 504 unum

1410 527 1414 536 ’
1432 532 1524 601 tiam
1543 529 1642 598 illurn
1658 526 1809 597 interfici
1826 539 1915 597 esset
1930 521 2018 594 mihi
2033 549 2142 616 grave.

1431 633 1507 725 Ego
1534 633 1629 702 enim
1654 657 1730 702 sum
1757 633 1976 721 gubernator
1999 627 2096 698 naris
2117 623 2223 696 hanam
2248 631 2307 696 caia

1793 733 1978 814 mitatum,

1385 839 1460 911 600
1486 837 1553 910 lste
1569 863 1640 908 una
1658 839 1804 928 navigat
1819 847 1968 928 propter
1983 855 2096 903 meana
2118 829 2310 900 calamitatem

1436 944 1517 1014 Non
1535 942 1666 1012 iustum
1686 955 1737 1012 est
1752 963 1807 1012 mc
1823 963 1902 1008 cum
1916 933 2023 1008 huius
2037 957 2118 1004 nece
2309 953 2310 1028 ι

1435 1045 1518 1115 Tibi
1545 1059 1726 1137 praestare
1747 1042 1924 1124 officium,
1960 1054 1993 1109 et
2016 1063 2071 1108 mc
2096 1035 2196 1128 ipsum
2216 1033 2306 1122 eripere

1795 1171 1837 1216 cx
1854 1143 1968 1214 malis.

1435 1251 1503 1320 Sed
1521 1252 1569 1322 sic
1585 1253 1663 1320 fiat:
1691 1245 1775 1318 huic
1790 1251 1891 1318 trade
1909 1247 2062 1324 litteras;

1436 1355 1528 1424 Nam
1544 1357 1588 1424 ad
1604 1359 1719 1444 Argos
1735 1351 1869 1432 mittet,
1896 1363 1935 1418 ut
1949 1362 2028 1418 tuas
2047 1367 2101 1415 res
2117 1351 2215 1416 curet;
2271 1435 2276 1450 Ι

1386 1453 1460 1527 605
1496 1457 1570 1529 Nos
1602 1471 1748 1540 autem,
1795 1455 1999 1548 quicunque
2033 1445 2133 1526 voit,
2169 1439 2302 1510 interimi

1765 1555 1970 1640 '„Amicos

1438 1661 1640 1756 „Quisquis
1658 1661 1696 1729 iu
1714 1661 1951 1730 calamitatem
1967 1650 2130 1748 proiicit,
2229 1741 2234 1754 Ι

1438 1765 1513 1850 „Et
1536 1766 1610 1858 ipse
1636 1763 1807 1848 elabitur,
1848 1758 2077 1853 turpissimus
2101 1762 2160 1820 est.
2206 1741 2244 1808 lla
2263 1749 2293 1802 cst

1798 1861 1888 1936 mibi
1910 1862 2058 1932 amicus.

1437 1969 1584 2064 „Quem
1603 1995 1679 2040 non
1694 1972 1813 2041 minus
1827 1969 1910 2037 volo
1930 1967 2051 2034 vivere
2068 1977 2170 2054 quarn
2187 1941 2264 2032 meli·

1436 2077 1510 2165 ipa.
1539 2073 1572 2144 Ο
1592 2076 1812 2144 voluntatem
1828 2071 2024 2162 egregiam:
2053 2078 2092 2134 ut
2106 2085 2145 2130 ex
2158 2063 2286 2158 generosi·

1385 2179 1463 2270 ,610
1489 2178 1622 2247 Radice
1638 2191 1737 2248 ortus
1754 2201 1802 2260 es,
1818 2175 1878 2270 qui
1895 2186 1947 2242 est
1962 2183 2081 2242 rectus
2094 2163 2211 2234 amicus
2223 2165 2303 2217 auti·

1439 2283 1537 2354 Talis
1556 2282 1600 2351 sit
1618 2305 1715 2351 meus
1734 2281 1864 2361 irater,

1439 2385 1513 2478 Qui
1528 2388 1670 2454 relictus
1685 2396 1752 2464 est;
1779 2407 1862 2451 nam
1879 2402 1997 2473 neque
2015 2399 2079 2467 ego

1440 2491 1523 2559 Sine
1549 2491 1658 2558 irartre
1689 2511 1788 2570 sum,
1838 2485 1907 2554 nisi
1937 2483 2037 2576 quod
2072 2495 2148 2544 euru
2175 2480 2247 2531 nunc
2267 2467 2306 2515 nu

1800 2588 1919 2658 videa.
2309 2579 2310 2632 l

1440 2694 1635 2788 Postquam
1655 2717 1740 2762 vero
1756 2689 1826 2761 hoc
1842 2691 1914 2773 vis,
1940 2685 2037 2756 hunc
2055 2681 2251 2774 mittamus,
2297 2747 2300 2758 ¹

1391 2793 1465 2870 615
1493 2798 1564 2890 Qui
1583 2798 1737 2888 perierat
1754 2797 1909 2876 litteras,
1936 2804 1971 2858 et
1987 2803 2029 2859 tu
2046 2775 2212 2854 morieris:
2232 2786 2252 2832 ⁵¹
2268 2773 2310 2844 ill

1807 2897 1889 2966 dem
1903 2907 1977 2964 tarn
2001 2907 2129 2979 magna

1394 3131 1448 3140 -ι
1460 3127 1595 3138 *αισι-ιιι*-

1497 3325 1533 3374 uc
1551 3322 1616 3373 nitri
1632 3323 1683 3372 troc
1700 3323 1868 3374 commodo·
1886 3324 1915 3372 iu
1936 3323 2035 3386 primis
2053 3319 2094 3370 ric
2112 3313 2198 3366 tieret.

1498 3394 1527 3445 si
1546 3392 1671 3443 omniane
1688 3392 1741 3444 hoo
1757 3393 1898 3458 negotium
1917 3393 2035 3456 praeeat.

1497 3461 1594 3526 Veiis,
1614 3461 1640 3512 ei
1657 3472 1800 3511 servarem
1817 3465 1862 3528 te,
1886 3461 2009 3512 nuntium
2028 3456 2092 3509 mihi
2109 3451 2258 3540 perterre²

1498 3534 1591 3596 Argos
1609 3531 1766 3594 proiectus,
1785 3530 1871 3596 mete,
1889 3542 1957 3594 quoe
1974 3531 2033 3580 titio
2051 3528 2151 3584 nabeo,
2168 3521 2256 3568 aurcis·
2282 3563 2286 3610 ἰ

1499 3603 1535 3651 Et
1552 3600 1698 3662 epistotam
1715 3593 1862 3662 perterret
1888 3612 1968 3663 quam
1986 3597 2120 3662 quispiam
2136 3587 2245 3640 intuertur
2256 3579 2280 3620 ¹2

1501 3670 1617 3732 Scripsit
1633 3669 1774 3733 captivus,
1799 3681 1967 3732 neqrraquam
1985 3680 2074 3718 meam
2266 3705 2297 3752 w

1501 3737 1722 3790 interfectricem
1733 3737 1896 3788 existimans
1912 3749 2038 3804 manum,
2056 3735 2085 3783 iu
2102 3733 2149 3780 hec
2165 3717 2265 3776 musaeu

1501 3808 1589 3872 Mori,
1607 3808 1666 3858 Dee
1683 3809 1750 3858 naec
1767 3809 1840 3857 iusta
1858 3799 2058 3864 existimentei

1501 3878 1642 3929 Neminem
1659 3876 1731 3926 enim
1750 3877 1848 3941 habui,
1873 3877 1919 3939 qui
1936 3875 2130 3934 narrantium,
2153 3857 2260 3928 protecte

1502 3950 1545 3999 Ad
1562 3945 1655 4012 Argus
1674 3949 1768 4010 retro,
1791 3958 1866 3994 meae
1883 3945 2015 4008 epistotae

1503 4017 1647 4068 Perterret
1666 4017 1796 4064 servatus
1815 4027 1935 4064 meorum
1954 4017 2104 4064 amicorum
2121 4005 2235 4066 arrianum

1504 4089 1543 4138 'ru
1561 4097 1630 4136 veru
1649 4097 1696 4148 ee,
1722 4087 1751 4132 ut
1770 4083 1889 4148 videris,
1912 4093 2084 4148 nequaquem
2101 4073 2237 4138 improbus,
2309 4067 2310 4124 i

1504 4159 1540 4206 Et
1557 4157 1691 4217 Mycenas
1711 4154 1828 4216 trusisti,
1847 4156 1874 4202 et
1893 4163 1956 4213 eos,
1976 4165 2046 4216 quoe
2063 4160 2114 4212 ego
2132 4140 2241 4214 enimn.

1505 4225 1550 4274 Sis
1570 4224 1683 4285 salvus,
1709 4225 1737 4270 et
1754 4227 1783 4271 tu
1801 4221 1954 4272 mercedem
1974 4234 2029 4272 nou
2049 4225 2152 4280 turpem
2170 4201 2276 4262 ΜΨ
2309 4241 2310 4286 p

1505 4297 1596 4344 hever
1616 4295 1728 4353 propter
1746 4291 1872 4353 litteras,
1899 4292 2027 4343 satiatem.
2309 4287 2310 4290 ’

1505 4364 1561 4414 lete
1579 4371 1664 4424 vero,
1687 4359 1814 4422 quoniam
1831 4361 1899 4410 haec
1916 4360 2017 4410 civitae
2036 4358 2122 4422 cogit,

1506 4433 1582 4480 Deae
1601 4428 1648 4478 fiat
1664 4429 1791 4490 victima,
1811 4431 1958 4491 separatus
1977 4440 1994 4478 a
2013 4433 2049 4482 te.

1437 4586 1487 4646 27)
1504 4584 1552 4638 or.
1570 4583 1656 4700 lggcte
1672 4607 1707 4618 -
1724 4593 1805 4644 quam
1828 4593 1870 4632 nte
1894 4585 1952 4642 (vs.
1969 4569 2154 4638 597-w8.)]
2171 4565 2204 4616 ⁸5⁰
2218 4551 2256 4607 μ’
2272 4529 2310 4608 lati

1509 4723 1558 4775 or.
1579 4721 1651 4768 tiene
1670 4717 1761 4767 dixisti
1779 4723 1906 4777 oeetera,
1931 4719 1986 4768 niet
2006 4729 2103 4773 onum,
2121 4721 2137 4758 ⁰
2154 4699 2249 4759 bittit*

1510 4790 1617 4841 Etenim
1637 4789 1845 4837 mactaremur
1863 4789 1942 4842 mitri,
1965 4787 2092 4838 molestia
2112 4781 2208 4850 matti·

1512 4861 1562 4921 Qui
1583 4858 1655 4908 enim
1674 4857 1738 4904 aravi
1756 4857 1844 4916 duco,
1862 4858 1910 4906 iiie
1928 4871 1989 4908 sum
2007 4868 2075 4920 ego,
2092 4841 2251 4900 mianum-⁶.

1511 4930 1567 4977 tate
1584 4937 1652 4974 vero
1671 4936 1726 4974 ona
1745 4926 1859 4987 navigat
1876 4929 1988 4988 propter
2007 4935 2082 4976 meus
2100 4919 2206 4968 iss¹⁰f²³=

1511 4999 1571 5048 Non
1588 4995 1672 5058 igitur
1691 4995 1810 5056 iustum,
1835 5001 1949 5056 propter
1965 4993 2108 5056 „ep-„icam
2126 4977 2270 5092 ammaim·

1513 5063 1637 5116 Gratiam
1653 5065 1818 5126 aestimare,
1843 5063 1871 5112 et
1888 5077 1931 5112 me
1949 5063 2037 5124 ipsum
2055 5059 2171 5114 emerget
2238 5113 2256 5148 m
2271 5091 2310 5138 w

1512 5134 1567 5182 sed
1585 5135 1614 5180 ut
1633 5143 1679 5180 rer
1696 5132 1836 5180 commode
1854 5133 1920 5192 tat,
1938 5132 1999 5182 nuic
2016 5128 2119 5194 quidem
2137 5107 2236 5180 euissi⁰¹²

1513 5195 1604 5252 veltet
1622 5201 1692 5249 euim
1710 5203 1819 5264 Argoa,
1837 5203 1867 5249 ut
1883 5201 1933 5249 titi
1952 5203 2019 5251 bene
2037 5195 2141 5247 laneat.
2184 5249 2189 5262 ¹

1514 5271 1571 5320 Nos
1589 5281 1673 5324 vero,
1692 5271 1737 5332 qui
1755 5269 1837 5332 vetit,
1857 5269 2012 5320 interliciat.
2046 5265 2126 5332 „tter
2142 5247 2264 5305 amictum
2309 5275 2310 5288 .

1516 5337 1741 5404 „turpissimum
1761 5339 1804 5385 ost
1821 5337 1973 5400 quicunque
1990 5329 2131 5387 coniecerit
2146 5327 2170 5372 tn
2186 5312 2257 5366 mella
2309 5357 2310 5396 p

1515 5407 1716 5474 „insessione
1735 5407 1783 5458 att.
1818 5407 1920 5458 Eristit
1938 5419 2004 5456 vero
2020 5403 2064 5454 trio
2079 5397 2185 5449 eniam·

1696 5473 1702 5486 Ο

1517 5480 1628 5539 „Quem
1648 5475 1712 5524 uiuat
1732 5476 1821 5524 miuus
1841 5486 1919 5538 quum
1939 5476 2085 5525 merorem
2103 5463 2187 5514 videre
2201 5441 2271 5506 capio.
2309 5443 2310 5494 i
