4738 6090
284 193 363 278 2¹¹9
693 196 757 262 ιν.
825 195 987 270 'amu
1016 197 1132 274 unu
1164 199 1370 273 sennua
1401 203 1771 282 mauoaootcu
1831 217 1845 276 ,ι
1912 218 1986 283 ..c
2029 217 2101 284 ...r
2253 221 2343 295 aee

283 388 338 444 ter
363 385 536 452 tractare,
568 381 624 440 ut:
652 364 764 466 ij
788 369 908 452 ξεῖνον
929 368 1122 468 παρέοντιι
1145 375 1284 470 φιλεῖι,ι
1332 375 1449 446 nobis·
1464 381 1908 466 eoanmsadentssiveea:
1924 409 2010 456 vera
2039 385 2116 460 sive
2136 389 2218 460 licta
2244 391 2342 477 sint,

282 474 463 551 ἐθέλοντα
490 469 532 546 di·
558 469 724 565 stipatae.
1207 529 1212 540 .
1280 505 1285 534 ι
1332 474 1423 547 nihil
1448 492 1570 552 tameo
1593 485 1698 554 aliud
1715 510 1826 580 quarn
1856 489 2114 578 gratitudinem
2137 493 2183 562 ob
2205 495 2336 566 oculos

293 585 297 592 '
385 619 419 666 v,
445 593 532 666 343,
558 591 687 687 (341,)
742 587 827 664 Τὸν,
861 587 904 664 δὲ
951 585 1114 684 μάλιστα
1153 597 1280 668 καλεῖν
1332 576 1388 652 his
1411 589 1615 674 proponere
1639 588 1708 656 viri
1730 590 1909 682 sapientes
1929 593 2137 664 voluerimt.
2195 594 2245 668 Et
2267 597 2339 691 qui

282 697 387 781 derce
417 693 529 770 σέθεν
561 691 700 796 ἐγγύθι
730 691 857 794 ναίει]
907 697 1095 765 Admonet·
1121 697 1279 767 vicinum
1332 685 1467 774 gratias
1487 687 1700 777 pinxerunt,
1729 717 1800 784 pro
1825 710 1898 764 ona
1927 697 2066 786 fingunt
2086 697 2250 788 gemines
2273 725 2336 770 re-

214 854 219 862 ·
281 805 439 874 studiose
460 801 650 878 colendum
675 823 761 868 esse.
816 797 906 866 Cum
931 799 1026 866 eninr
1052 809 1126 867 tota
1154 813 1278 870 nostro
1312 787 2163 884 ‘dif²·='U1¹³01¹imd²tsssefflisstifl·refert²nl·

281 906 354 975 vita
379 908 424 975 ad
449 903 654 974 societatem
674 913 880 993 cornparata
903 901 967 984 sit,
987 927 1098 971 eremo
1123 902 1282 994 ignorat,
1435 933 1469 978 v.
1493 906 1581 980 853.
1605 907 1729 1008 (851.)
1783 903 1859 988 Τὸν
1891 912 2068 1012 φιλέοντα
2092 921 2231 1016 φιλεῖν,
2264 918 2337 994 καὶ

281 1033 392 1104 quam
416 1009 541 1098 ingens
567 1007 704 1074 bonum·
728 1006 774 1075 sit
796 1005 932 1081 boarum
956 1000 1089 1075 babere
1106 1006 1278 1078 vicinum.
1330 1011 1386 1104 τῷ
1411 1011 1492 1104 etc]
1544 1012 1791 1086 Commendat
1812 1020 1917 1090 nobis
1939 1021 2137 1093 amicitiam
2160 1023 2222 1094 illa
2247 1047 2334 1094 sen-

279 1113 355 1185 Nec
378 1123 482 1206 pocta
507 1107 601 1178 hanc
623 1105 838 1178 senteutiam
860 1122 995 1176 temere
1018 1107 1141 1178 multis
1166 1110 1278 1180 ratio-
1330 1112 1454 1184 tentia.
1496 1111 1581 1184 *Iam
1605 1141 1686 1186 cum
1709 1122 1878 1190 nonnulli
1898 1123 1991 1192 adeo
2014 1125 2153 1195 morosi
2175 1126 2262 1209 sint,
2290 1141 2340 1200 ut

279 1219 385 1286 nibus
409 1213 662 1306 amplificavit,
688 1211 748 1280 ubi
766 1209 1024 1280 vicinorumet
1038 1225 1274 1303 cognatorum
1329 1211 1448 1306 plane
1466 1213 1688 1290 abhorreant
1707 1245 1726 1290 a
1748 1223 1937 1308 societate,
1957 1237 2002 1295 ct
2025 1227 2166 1298 nullum
2188 1229 2336 1302 animal

278 1319 505 1392 sedulitatem
531 1316 568 1385 in
590 1314 744 1405 negotiis
769 1313 951 1404 obeundis,
967 1325 1002 1382 et
1024 1314 1276 1407 officiis'prae-
1328 1317 1478 1408 propius
1502 1316 1651 1391 bomine
1675 1325 1721 1392 ad
1744 1325 1845 1396 illam
1868 1331 2032 1412 accedat,
2058 1331 2190 1400 addam
2215 1334 2335 1406 etiam

277 1423 416 1495 standis
439 1423 487 1491 ita
513 1421 673 1500 confert,
705 1430 746 1487 ut
769 1441 878 1511 quam
910 1417 1115 1507 longissime
1144 1427 1276 1509 cogna-
1308 1418 1427 1514 3quod
1449 1423 1570 1512 plures
1594 1449 1660 1494 nec
1675 1421 1807 1498 habere
1829 1433 2029 1502 necatolere
2045 1433 2223 1524 possimus
2241 1438 2334 1530 (uec

277 1541 352 1610 tos,
376 1528 406 1597 si
429 1547 520 1617 opus
535 1523 581 1593 sit
601 1521 723 1590 alieno
743 1519 898 1604 auxilio,
922 1520 1029 1588 ricini
1048 1523 1279 1592 antecellant..
1328 1522 1424 1602 enim
1449 1527 1698 1620 erquoyieffl)
1717 1532 1872 1608 amicitia
1890 1547 2051 1620 constat,
2072 1537 2134 1607 sed
2160 1562 2203 1608 ex
2226 1541 2333 1610 simi.

275 1629 315 1699 ld
341 1632 439 1723 quod
463 1640 497 1697 et
514 1625 671 1696 Cassitae
690 1624 862 1715 apologus
879 1625 977 1714 apud
992 1623 1272 1720 A.·Gellium⁸³)
1326 1625 1420 1698 libus
1442 1629 1590 1726 natura)
1615 1644 1709 1702 recte
1725 1632 1902 1711 Hesiodus
1923 1640 2145 1731 praecepisse
2163 1642 2333 1716 iutlican.

276 1734 434 1816 indicae,
454 1729 523 1800 'rabi
548 1728 691 1818 cognati
715 1727 829 1798 multo
853 1727 973 1796 minus
1001 1727 1138 1796 faciunt
1163 1754 1271 1822 quam
1328 1729 1393 1798 dus
1416 1742 1486 1813 est,
1509 1755 1589 1804 cum
1611 1736 1791 1834 doceatffl)
1805 1761 1892 1820 ,nou
1908 1742 2054 1832 quosvis
2069 1742 2107 1814 in
2127 1744 2330 1821 amicitiam

276 1831 397 1906 v‘iciui.
465 1834 541 1906 Nec
572 1829 854 1906 Themistoclem
888 1830 1000 1920 sagit,
1042 1832 1158 1924 quod,
1191 1857 1271 1901 cum
1326 1831 1571 1922 recipiendos,
1601 1849 1637 1906 et
1664 1839 1767 1908 danti
1795 1865 1870 1917 esse
1900 1845 2079 1930 dandum,
2108 1871 2183 1920 non
2209 1851 2329 1940 danti,

275 1939 464 2034 praedium
491 1935 702 2006 conditurus
725 1947 824 2016 erat,
851 1933 958 2002 etiam
981 1928 1051 2001 hoc
1081 1957 1147 2024 per
1170 1958 1273 2024 prae·
1326 1933 1363 2004 id
1387 1946 1457 2018 est,
1480 1937 1627 2008 sordido
1650 1963 1894 2037 nequaquam.
1940 1943 1989 2016 Et
2008 1970 2228 2044 quamquam
2254 1951 2329 2028 hae

278 2067 406 2112 eonem
432 2041 638 2110 addendum
659 2037 817 2119 censuit,
843 2037 940 2130 quod
965 2031 1116 2108 haberet
1136 2037 1273 2109 bonum
1325 2036 1522 2109 sententiae
1545 2042 1654 2131 paulo
1677 2045 1884 2133 gentiliores
1904 2072 1985 2120 cum
2014 2051 2090 2141 ipsa
2119 2054 2194 2144 lege
2215 2073 2331 2130 natu·

278 2147 448 2216 vicinum,
508 2195 510 2198 .
1324 2161 1386 2206 rae
1410 2163 1572 2230 pugnare
1594 2145 1804 2232 videantur,
1824 2163 1866 2220 ut
1886 2150 2023 2222 indicat
2038 2154 2141 2226 Plato
2164 2157 2326 2238 inflor.

390 2289 424 2335 ν.
449 2263 537 2336 349⁴
558 2260 683 2360 (347.)
722 2257 787 2333 «Εὐ
815 2255 887 2354 μιν
916 2257 1138 2354 μετρεῖσθαι
1169 2255 1272 2354 παρὰ
1325 2239 1482 2340 gia⁰⁹⁸),
1514 2257 1633 2316 tamen
1656 2249 1739 2342 quia
1773 2252 1986 2326 beneficium
2008 2270 2061 2328 est
2084 2279 2320 2348 compensan-

275 2363 443 2469 γείτονος
465 2361 551 2465 etc]
587 2365 696 2434 Aliud
720 2377 951 2456 praeceptum
975 2363 1019 2430 de
1040 2374 1169 2431 mutuo
1192 2386 1272 2454 per·
1302 2345 1432 2462 dum,
1462 2369 1528 2416 ¹¹⁶⁰
1551 2373 1676 2423 omnes
1704 2352 1828 2430 iuvare
1858 2381 2070 2448 possumus,
2093 2360 2227 2430 nemini
2246 2364 2317 2434 du-

273 2473 467 2554 ,olvendm
502 2485 538 2539 eg
570 2471 701 2538 epam„
733 2463 792 2536 hic
821 2469 920 2536 locus
947 2465 985 2532 1„
1008 2463 1144 2534 officiis
1166 2487 1187 2532 2
1213 2465 1274 2534 Ci.¹
1323 2447 1425 2518 brom
1450 2471 1524 2520 esse
1545 2454 1678 2543 poterit
1700 2463 2006 2553 certosquosdam
2033 2485 2106 2532 esse
2127 2461 2323 2538 iuvandos.

274 2599 425 2660 temne,
457 2575 519 2644 ubi
550 2575 595 2642 de
618 2569 845 2662 gratitudine,
871 2566 1060 2663 mihim),
1113 2562 1202 2638 [gem
1232 2568 1270 2636 in
1323 2549 1406 2621 Non
1430 2567 1550 2622 autem
1573 2557 1624 2628 sic
1647 2559 1818 2650 obligaris
1841 2563 1915 2647 illi,
1939 2564 2002 2656 qui
2016 2561 2106 2636 nihil
2123 2568 2166 2636 de
2187 2577 2221 2636 te
2242 2594 2323 2639 me-

273 2679 388 2750 Claris
415 2673 704 2770 astitoribusffl)
727 2674 802 2742 lere
827 2673 957 2743 citatur
978 2667 1038 2740 hic
1064 2670 1270 2756 versiculus,
1322 2654 1412 2772 {51⁰⁵
1436 2669 1507 2773 {⁵12
1524 2671 1570 2731 1¹1
1594 2660 1766 2753 obligaris
1786 2665 2028 2752 benemerito,
2058 2668 2143 2763 quia
2165 2683 2323 2742 natura-

271 2781 333 2856 ubi
365 2780 497 2851 dicitur
526 2782 570 2848 de
599 2779 779 2849 reddenda
806 2775 944 2867 gratia,
973 2795 1040 2843 nec
1072 2786 1125 2844 est
1154 2775 1268 2846 ullum
1321 2756 1403 2826 hies
1429 2783 1480 2830 ⁵¹⁰
1510 2762 1658 2854 ⁰b¹id³li
1679 2789 1822 2851 summ,
1853 2782 1894 2840 Ui
1922 2772 2115 2842 reddamus
2148 2774 2325 2861 Officiums

273 2884 454 2979 vulgarius
488 2880 745 2974 ingratitudine
768 2880 896 2950 vitium
921 2879 960 2948 in
983 2859 1060 2948 toto
1089 2879 1196 2960 orbe,
1226 2879 1269 2948 li·
1322 2864 1630 2988 (lueffissfldfflodum
1656 2881 1692 2938 et
1709 2867 1972 2949 iureconsultus
1986 2875 2038 2944 ait
2055 2875 2209 2970 obligari
2224 2873 2325 2976 πρὸς

272 3003 329 3060 cet
350 2989 448 3060 Deus
478 2985 697 3080 impunitum
730 3007 808 3056 non
838 2983 945 3054 ainau.
993 2981 1088 3052 Nam
1113 2993 1148 3052 et
1168 2980 1269 3054 Selo-
1322 2957 1528 3062 “W‘iwtlffi
1934 3065 1937 3072 ,

272 3119 360 3170 naon
384 3092 487 3162 dicit:
517 3092 601 3164 Non
624 3091 768 3160 recedet
790 3089 926 3178 malum
951 3087 996 3159 dc
1018 3086 1127 3157 domo
1149 3083 1270 3178 ingra-
1424 3111 1458 3158 v.
1477 3083 1570 3172 356.
1595 3085 1719 3188 (354.)
1759 3088 1846 3174 Acir
1864 3089 1995 3193 ἀγαθὴ
2003 3148 2015 3182 ,
2042 3093 2167 3193 ἅρπαξ
2185 3093 2228 3172 δὲ
2250 3125 2324 3173 κα-

272 3196 368 3292 6⁸⁹).
405 3188 499 3294 Ed]
525 3199 710 3289 χρονικαῖς
733 3191 866 3286 exponi
887 3191 1011 3272 debet,
1034 3189 1268 3283 quemadmo-
1319 3181 1444 3285 κὴθέ)]
1474 3188 1718 3269 Liberalitatis
1737 3211 1970 3290 praeceptum
1991 3213 2054 3272 est.
2082 3201 2321 3297 Quamquam

271 3286 357 3371 dum
379 3323 493 3393 supra,
515 3323 678 3393 quoquc;
710 3309 762 3376 est
782 3296 877 3377 enim
907 3292 1132 3384 subiunctiva
1157 3293 1268 3386 parti-
1320 3303 1440 3360 autem
1466 3295 1590 3364 nullae
1609 3297 1702 3388 leges
1727 3313 1857 3388 cogant
1878 3297 2070 3374 hominem
2089 3305 2323 3376 ad-liberali-

271 3408 371 3489 cula,
395 3416 435 3474 ut
452 3403 497 3474 sit
519 3426 659 3471 sensus:
685 3400 715 3468 si
731 3412 857 3473 mutuo
874 3395 1269 3490 sumpseris„alterum'
1319 3393 1427 3462 tatem
1451 3395 1726 3488 praestandam,
1749 3401 1825 3493 ips'a
1849 3413 1971 3474 tamen
1991 3401 2199 3479 humanitas
2223 3411 2324 3480 ohti-

270 3501 311 3582 εὖ
344 3508 539 3578 abundare.
561 3505 715 3593 ridetur.
776 3501 871 3575 llam
904 3501 954 3572 ita
987 3501 1108 3572 so'lent‘
1136 3497 1266 3580 iterare
1318 3509 1443 3594 nethct
1472 3502 1568 3594 cogit
1593 3527 1680 3587 nos,
1707 3517 1753 3574 ‚ut
1784 3505 2050 3582 benefaciamus
2082 3509 2186 3595 bonis
2214 3513 2324 3601 viris,

270 3610 343 3704 bas¹
372 3609 588 3706 particulas,
616 3620 656 3677 ut
677 3593 865 3677 'Homerus
899 3627 1056 3700 quoqne.
1164 3623 1168 3636 ·
1201 3624 1266 3694 με·
1320 3607 1355 3668 et
1377 3625 1605 3674 communem
1631 3606 1836 3677 societatem
1860 3609 2034 3683 iuvemus.
2080 3608 2324 3708 Quapropter

269 3707 464 3812 ιριῖσθαι]
512 3711 650 3805 passive
691 3709 964 3806 exponendum,
1020 3728 1087 3798 pro
1126 3703 1268 3774 dimon-¹
1319 3713 1354 3770 et
1387 3728 1468 3774 curn
1502 3707 1634 3778 virtute
1665 3709 1713 3778 ita
1749 3727 1997 3806 comparatum
2034 3740 2107 3786 esse
2137 3717 2323 3806 videmus,

268 3808 347 3892 sucu
376 3816 555 3908 accipere,
586 3813 643 3883 vel
670 3813 1009 3903 mutuo‘accipere,
1043 3811 1090 3878 du
1114 3809 1184 3880 solt
1210 3809 1267 3878 dir
1319 3818 1358 3875 ut
1386 3808 1473 3877 boni
1505 3810 1594 3896 viri,
1626 3814 1768 3884 etiamsi
1798 3817 1910 3886 multa
1942 3817 2165 3891 liberalitatis
2195 3823 2322 3894 officia

271 3923 346 3994 wol
381 3921 497 3996 lassen
536 3943 687 3990 messem
754 3915 937 4014 Suidasffl)
979 3913 1265 4011 dicitpsrpsiv,
1319 3925 1519 4001 praestent,
1540 3939 1682 4008 semper
1711 3930 1833 3988 tamen
1856 3921 1946 3990 laeti·
1964 3931 1999 3992 et
2015 3917 2146 3994 hilares
2171 3923 2323 4024 sintfl).

269 4051 344 4096 uon
382 4037 524 4094 tantum
557 4045 765 4093 mensurare
803 4019 860 4088 vel
891 4031 1018 4090 mutuo
1053 4019 1161 4100 dare,
1204 4017 1265 4086 sed
1319 4012 1452 4086 Contra
1478 4017 1750 4103 mali,‘etiamsi
1780 4023 1893 4094 multa
1922 4019 2096 4109 babeant,
2123 4049 2322 4122 nunquam

268 4122 377 4200 etiam
416 4140 542 4198 mutuo
580 4125 738 4218 accipere
778 4121 987 4216 significare.
1048 4119 1165 4191 Docet
1203 4142 1264 4190 au·
1295 4128 1445 4217 ¹tamenv
1471 4123 1704 4215 tranquillam
1739 4135 1774 4194 et
1803 4139 1968 4217 pacatam
2000 4128 2255 4203 conscientiam
2298 4161 2322 4208 a

268 4246 338 4304 tem
372 4245 500 4301 natura
535 4229 612 4324 ipsa
641 4229 916 4321 gratitudinem,
952 4238 987 4294 et
1018 4222 1079 4293 illa
1110 4223 1170 4292 lex
1201 4247 1264 4302 na·
1295 4219 1418 4290 *furiis
1443 4223 1648 4310 obtineant,
1678 4229 1797 4298 utvel
1820 4225 1891 4298 hoc
1920 4232 2324 4312 nomine.doceremur

269 4335 394 4408 turalis
442 4359 525 4404 vere
568 4333 693 4402 divina
737 4343 809 4416 est,
870 4328 1011 4399 etiamsi
1052 4350 1126 4397 non
1174 4339 1264 4396 esset
1316 4323 1566 4398 liberalitatem
1598 4329 1746 4421 plurimi
1779 4357 1853 4404 esse
1884 4333 2106 4422 faciendam,
2133 4361 2209 4408 non
2235 4351 2324 4414 tarn

267 4437 501 4531 praescripta.
571 4436 617 4507 Et
648 4462 728 4506 curn
763 4435 860 4504 nulla
895 4447 969 4502 tam
1001 4429 1169 4499 immanis
1202 4431 1262 4498 be·
1316 4427 1470 4498 aliorum
1491 4453 1615 4516 causa,
1639 4457 1794 4528 quorum
1821 4435 1982 4529 inopiam
2006 4453 2129 4510 nostra
2152 4439 2325 4515 liberali·

268 4546 327 4614 lua
370 4541 435 4625 sit,
481 4541 518 4612 in
557 4563 627 4635 qua
662 4563 737 4610 riou
776 4538 823 4610 sit
857 4561 979 4608 sensus
1020 4531 1263 4626 gratitudinis,
1315 4542 1387 4599 tate
1403 4533 1641 4620 sublevamus,
1659 4561 1767 4630 quam
1784 4551 2073 4635 nostraquoque,
2087 4543 2182 4638 quod
2197 4545 2325 4620 animi

268 4647 525 4739 praestandum
549 4657 601 4714 est
624 4633 873 4725 maxime„]ut
892 4633 1096 4724 neehomo
1129 4635 1173 4706 ab
1195 4631 1264 4704 hac
1315 4636 1614 4740 tranquillitatem
1640 4639 1990 4735 istinc·concipimus
2014 4659 2049 4715 et
2071 4647 2325 4742 possidemus,

266 4749 313 4822 sit
339 4749 487 4818 alienus.
541 4747 635 4840 Quid
660 4745 757 4816 enim
782 4745 879 4814 aliud
903 4744 973 4815 sibi
992 4741 1121 4812 volunt
1144 4763 1261 4810 exem·
1619 4761 1621 4766 '
1876 4765 1879 4772 ’

266 4854 324 4970 Pia
356 4851 469 4922 leonis
503 4862 538 4919 et
565 4848 751 4931 draconis’
788 4871 895 4942 quam
927 4860 967 4916 m
1003 4839 1258 4955 gratimdiiwm
1343 4873 1396 4978 ⁸91)
1418 4909 1528 4976 quovis]
1546 4911 1598 4962 tte.
1619 4907 1694 4962 1541:
1713 4907 1744 4959 tt.
1763 4918 1860 4960 errore
1878 4901 2006 4976 synogas:
2030 4913 2153 4974 quosve.

634 5021 654 5060 -·
820 5041 826 5066 =
1207 5029 1229 5039 a
1268 5043 1272 5052 ·
1349 4994 1944 5116 acrasitanae,actaeae

1462 5103 1469 5117 ι
1555 5098 1580 5128 .,
1671 5090 1706 5101 -
1783 5101 1789 5114 ι
1892 5103 1899 5118 ι

303 5122 352 5183 87)
371 5121 441 5219 θῗῐῐ·
460 5121 538 5170 ⁸⁰⁰²·
558 5122 616 5220 ³¹²3
633 5115 727 5210 Μ’·
1348 5149 1414 5214 aas)
1439 5151 1508 5201 etat.
1528 5153 1614 5210 coru.
1632 5151 1717 5212 (opp.
1734 5151 1785 5203 ua.
1805 5151 1899 5215 stem.
1918 5153 1947 5204 r.
1966 5151 1987 5207 ι.
2006 5163 2032 5220 p.
2046 5153 2170 5220 rusae.
2186 5179 2223 5196 -
2263 5163 2328 5217 ns.

302 5210 353 5266 88)
371 5209 427 5259 th-
446 5207 524 5260 Oillc.
543 5206 565 5270 l,
587 5208 629 5269 ¹⁰,
648 5207 692 5254 ⁴⁸·
719 5261 725 5272 ,
1383 5221 1489 5283 etpost.
1510 5221 1572 5272 Vol.
1584 5220 1635 5270 lv.
1655 5235 1680 5282 p.
1696 5221 1728 5271 tt
1744 5223 1829 5284 sqq.).
2135 5255 2138 5262 ι

301 5288 368 5352 ⁸8²)
380 5292 443 5369 pic.
463 5295 562 5343 brutus
582 5293 609 5354 ⁴,
629 5292 670 5341 15.
1125 5319 1129 5324 ·
1347 5307 1397 5366 93)
1415 5299 1497 5374 κακὴ]
1517 5307 1566 5382 Ειᾱ.
1586 5307 1661 5359 1557.
1680 5306 1708 5356 iu
1725 5308 1777 5358 boo
1796 5321 1892 5362 comm.
1911 5321 2009 5364 errore
2027 5313 2154 5379 malagna
2173 5315 2250 5368 κιαι.

298 5356 450 5443 atulam.
471 5377 574 5450 tw.
812 5425 816 5432 .
1009 5387 1012 5395 “
1345 5391 1398 5458 aa)
1415 5387 1484 5457 slat]
1512 5393 1552 5442 ste
1578 5401 1673 5443 omnes
1703 5392 1770 5444 illae
1791 5393 1876 5448 nette:
1900 5399 2023 5464 exeeptis
2051 5399 2134 5450 nette.
2162 5399 2241 5454 toti.
2273 5405 2305 5460 F

298 5463 348 5529 tto)
369 5462 470 5516 soldos
488 5477 510 5516 s.
532 5477 557 5516 v.
575 5457 713 5529 atroam
733 5467 802 5516 burae
823 5472 934 5518 versuto
954 5452 1066 5516 lleslotll
1085 5461 1188 5514 laudat.
1385 5461 1790 5527 1o57.,quaeoaoeot=suut.
1911 5491 1914 5500 -
2243 5486 2249 5506 ι

1329 4815 1521 4828 mm
