4764 6100
51 221 108 296 iil
529 203 650 283 Llllll.
707 197 1109 284 mraaeaurano
1134 199 1262 281 lONlS
1277 201 1538 284 -uuntetuts

85 388 245 470 voraces,
267 381 457 454 humidam
472 405 605 478 aquam
639 473 644 482 ὁ

48 490 332 570 impraesens,
354 499 465 580 purus
480 487 634 560 eriistens
649 513 669 558 a
687 491 791 562 lecto.

88 597 217 666 Utinam
233 592 283 664 sie
298 587 485 661 Phoebum

86 699 199 768 Colens
218 719 292 766 non
305 695 482 789 desinam,

83 803 144 871 Ant
155 802 310 870 desinam
325 799 420 868 bona
438 800 595 870 fortuna.
625 812 631 839 ¹
681 837 686 844 ·

83 903 150 974 Eia.
362 909 364 914 ’

82 1006 226 1076 Veniunt
241 1003 312 1074 iam
328 1018 363 1074 et
382 1005 592 1100 relinquunt

47 1105 103 1180 155
124 1109 290 1180 volatiles
306 1108 476 1179 Parnassi
495 1107 638 1178 cubilia.
758 1143 761 1155 ·
813 1143 817 1152 ·

83 1212 256 1304 Praecipio
271 1235 347 1281 non
363 1211 658 1308 appropinquare
674 1211 792 1306 pinus,

80 1316 190 1410 Neque
206 1316 243 1384 in
260 1337 408 1388 auream
424 1317 573 1385 domum
590 1317 723 1385 venire.

80 1419 207 1488 Feriam
223 1431 260 1488 te
274 1419 372 1502 telis,
396 1441 419 1487 o
434 1415 528 1489 lovis

80 1521 221 1604 Praeco,
243 1522 366 1592 avium
380 1533 501 1592 rostro
519 1545 628 1589 curvo

50 1621 100 1694 160
115 1623 236 1695 Robur
251 1625 411 1696 vincens.

81 1726 134 1796 llic
149 1741 229 1797 ante
245 1728 494 1820 pavimentum
511 1727 663 1817 remigat
676 1727 772 1796 alind

81 1831 221 1922 Agmen,
247 1829 351 1900 non?
375 1829 515 1926 atiasffi)

83 1933 269 2006 hubentem
288 1935 413 2026 pedem
432 1932 619 2003 movebis?

85 2033 165 2107 itihit
178 2049 213 2106 te
228 2033 367 2108 cithara
382 2033 523 2106 Phoebi

59 2131 106 2208 165
119 2139 312 2212 continens
328 2139 464 2233 sagittis
480 2138 658 2210 liberabit.

83 2241 139 2314 Alis
152 2243 222 2316 tuis
564 2251 567 2258 ’

82 2341 193 2418 Transi
210 2348 383 2440 paludem
405 2345 498 2416 Deli.

81 2447 301 2534 Cruentabis,
321 2449 391 2520 nisi
410 2450 646 2540 obtemperes,

81 2547 145 2622 Tua
160 2555 283 2624 dulcia
300 2553 450 2624 cantica.¹

45 2647 98 2722 170
115 2653 187 2726 Eia.

77 2755 165 2849 Quae
179 2781 282 2829 nova
299 2757 375 2828 avis
391 2757 549 2827 accedit?

76 2857 158 2930 Num
275 2860 401 2952 astigio
417 2861 543 2931 nidum

215 2863 239 2932 b
253 2863 276 2931 f

75 2959 121 3032 Ex
132 2887 280 3040 lesio&
293 2965 430 3034 factrus
448 2975 500 3034 est
515 2963 587 3034 suis
608 2961 740 3055 pullis?

75 3063 204 3138 Stridor
224 3091 335 3137 arcus
351 3067 487 3136 arcebit
500 3079 545 3137 te.

75 3163 147 3239 Non
161 3167 336 3262 parebis?
388 3167 532 3240 Vadens
551 3171 596 3238 ad
611 3169 759 3238 vertices

40 3265 95 3339 175
112 3271 239 3366 Alphei
255 3271 423 3355 nidifica,
448 3285 511 3342 aut

75 3369 108 3442 ln
123 3401 250 3448 nemus
267 3371 471 3458 Isthmium,

76 3475 117 3547 Ut
131 3480 287 3550 donaria
304 3501 379 3547 non
394 3479 583 3547 laedantur

75 3577 114 3649 Et
127 3584 261 3676 templa
284 3577 435 3652 Phoebi.

76 3681 203 3756 Vereor
219 3709 289 3754 vos
305 3684 503 3754 interlicere

40 3783 95 3855 tto
119 3787 278 3860 Nuntius
294 3785 391 3858 vocis
408 3783 551 3855 divinae

72 3887 299 3961 Hominibus.
351 3887 492 3982 Quibus
507 3886 704 3956 destinatus
721 3909 800 3956 sum
817 3883 1012 3968 laboribus,

72 3987 111 4063 lis
124 3995 283 4066 serviam
300 3986 472 4074 Phoebo,
492 4003 528 4060 et
542 4013 619 4060 non
636 3988 798 4060 desinam

73 4091 188 4170 Meum
208 4091 430 4168 nutritorem
449 4095 566 4164 colere
574 4092 633 4186 Ι9).

38 4277 224 4302 “h—n*

60 4397 198 4460 teleliaci
223 4403 350 4464 Agonen.
381 4385 460 4446 noni
490 4393 561 4444 elles
601 4391 642 4442 stc
667 4391 716 4441 Ed.
737 4389 812 4442 tm.
839 4389 903 4456 (Ed.
929 4393 1013 4445 hesit.

91 4469 161 4522 1551.
181 4465 288 4524 ἄλλος,
302 4505 308 4518 .
321 4460 439 4520 Κύκλος.
459 4455 526 4526 eia,
581 4455 647 4524 leik
669 4459 753 4510 ualet.
772 4462 876 4512 recent.
893 4454 976 4518 silice
991 4499 1014 4513 ..

89 4537 204 4596 Κύκνος.
226 4533 278 4587 οὐκ
296 4529 368 4602 ἄλλᾳ
386 4559 421 4572 -
439 4531 530 4582 alius.
546 4567 552 4579 .
566 4529 687 4592 cycnus.
707 4529 768 4578 lton
786 4527 843 4578 aiio

60 4637 102 4703 tt)
126 4643 180 4693 sed
202 4638 300 4692 holm
315 4662 352 4676 -
368 4637 472 4688 colere.
497 4633 554 4699 (vs.
574 4633 663 4684 144-
674 4627 761 4696 1835]
791 4627 833 4682 sic
856 4631 905 4686 Bt.
923 4633 1015 4695 itate

92 4711 139 4762 lid.
159 4713 258 4764 libat

122 4783 175 4832 Sed
195 4779 293 4830 liniam
312 4775 422 4825 labores

121 4849 208 4899 bsurt
228 4844 384 4895 tructione:⁴

122 4919 162 4966 [tx
181 4915 282 4966 eureis
299 4913 379 4962 vasis
395 4910 538 4974 proticisn

122 4987 230 5036 'terrae
250 4981 367 5044 iontem,

124 5055 211 5116 Quen
231 5047 537 5100 senatusconsultus

123 5122 277 5186 eurum,
296 5115 432 5168 naastan
451 5125 549 5178 aquen

124 5187 299 5248 erotictens,
318 5185 425 5248 integer
443 5194 460 5233 a
477 5182 559 5232 cubili
578 5181 712 5230 existens.

124 5257 238 5310 Utinam
257 5255 300 5306 stc
317 5253 439 5315 scillcet,
457 5251 594 5302 Phoebum

124 5327 229 5380 Colens
249 5335 285 5372 ue
301 5321 445 5383 desistam,

124 5397 180 5444 hut
196 5389 335 5444 desistun
351 5393 421 5441 hone
439 5389 559 5439 tertona.

127 5464 221 5514 Ehem.

1110 383 1210 454 (ileu.
1236 377 1320 452 Non
1337 376 1524 455 indivinis
1538 379 1690 458 Athenis
1743 434 1746 465 ,
1864 377 1867 384 ’

1060 479 1136 556 185
1158 483 1250 556 Sunt
1265 499 1415 558 ornatae
1427 487 1603 560 calumnis
1618 491 1722 560 aulae

1106 585 1266 659 Deorum
1283 603 1444 676 tantum,
1467 613 1585 687 neque
1602 591 1864 696 sacrorumm)

1108 689 1251 775 Cultus,
1274 716 1398 765 verum
1413 693 1521 767 etiam
1539 699 1635 789 apud
1650 699 1868 790 Apollinem,

1104 793 1268 867 Latonae
1285 790 1417 885 lilium,
1439 799 1665 892 geminorum
1681 798 1842 874 Deorum

1108 898 1314 991 Speciosum
1331 903 1454 974 lumen
1472 916 1534 975 est.

953 1098 957 1107 Ι
1060 999 1134 1072 190
1161 1007 1234 1074 lon.
1261 1002 1351 1075 Ecce
1367 1001 1462 1076 hunc
1478 1008 1631 1099 adspice.

1108 1104 1307 1176 Lernaeam
1324 1104 1476 1204 hydram
1493 1111 1660 1180 interficit

1004 1271 1006 1274 .
1108 1208 1237 1280 Aureis
1252 1211 1400 1286 aduncis
1413 1214 1491 1285 telis
1508 1209 1602 1284 lovis
1618 1214 1723 1284 lilius.

1109 1311 1253 1404 Quaeso
1270 1326 1322 1398 te,
1352 1316 1491 1387 intuere
1507 1317 1630 1388 oculis.

1111 1417 1209 1488 (ἕλον.
1236 1414 1363 1490 Video.
1416 1425 1490 1491 lon.
1513 1419 1559 1490 Et
1573 1442 1688 1514 prope
1703 1443 1784 1490 eum
1804 1415 1893 1493 alins

1062 1509 1134 1588 195
1157 1515 1328 1590 lnterlicit
1345 1524 1529 1593 ardentem
1547 1525 1742 1594 volucrem.

1111 1623 1208 1694 Ultor.
1235 1622 1410 1714 Quisnam
1426 1639 1494 1710 est,
1517 1626 1580 1722 qui
1598 1628 1730 1698 dicitur
1744 1647 1826 1696 mea

1108 1723 1165 1794 Ad
1182 1723 1318 1815 pensa?
1483 1737 1488 1748 ’

1109 1829 1184 1898 lon.
1207 1825 1375 1920 Armiger
1390 1823 1528 1912 Iolaus,
1551 1827 1614 1922 qui

1110 1927 1313 2022 Suscipiens
1328 1953 1536 2001 communes
1552 1931 1694 2002 labores

1058 2031 1137 2104 200
1158 2031 1248 2103 Cum
1265 2032 1417 2104 Hercule
1434 2029 1609 2106 exhaurit.

1107 2131 1155 2202 Et
1167 2135 1267 2208 illum
1283 2147 1403 2234 specta

1109 2233 1325 2310 Insidentem
1343 2263 1436 2334 equo
1454 2240 1568 2322 alato,
1593 2239 1656 2334 qni

1110 2337 1279 2412 interficit
1294 2342 1474 2413 efflantem
1491 2341 1592 2432 ignes
1629 2368 1633 2377 ·

1107 2443 1390 2538 Tricorpoream
1404 2445 1477 2515 vim
1486 2443 1546 2540 ⁸).

1058 2542 1136 2619 205
1164 2551 1263 2623 Cher.
1285 2549 1455 2644 Undique
1469 2568 1600 2616 moveo
1617 2546 1818 2638 palpebras.

1109 2655 1183 2722 Ion.
1207 2652 1402 2725 Considera
1417 2673 1576 2745 pugnam
1593 2650 1632 2718 in
1648 2649 1841 2742 parietibus

1109 2753 1230 2827 Saxeis
1245 2757 1428 2850 gigantum
1436 2753 1497 2851 ⁸¹).

1162 2987 1303 3038 Accedunt
1321 2985 1374 3037 lan
1393 2989 1422 3036 et
1440 2985 1599 3048 relinquunt

1162 3056 1302 3106 Votstttes
1320 3055 1453 3106 remon
1470 3056 1560 3104 nidos.

1163 3125 1247 3176 Edico
1265 3135 1321 3176 non
1339 3123 1471 3174 onear·
1488 3119 1581 3184 pinnis

1164 3193 1259 3256 lteqne
1277 3193 1313 3243 ed
1330 3203 1432 3244 suress
1451 3192 1547 3242 domos

1165 3262 1322 3326 corripiens
1339 3263 1367 3311 te
1384 3259 1510 3312 vtcissln
1527 3257 1659 3326 sagittis,
1683 3269 1701 3310 o
1718 3257 1794 3312 lovis

1163 3330 1281 3396 Noctis,
1299 3329 1394 3382 arlun
1410 3332 1505 3380 rostro

1164 3401 1259 3451 Robur
1277 3399 1400 3448 vincens.

1167 3469 1219 3521 uic
1235 3470 1301 3520 ante
1318 3467 1476 3532 parimente
1492 3465 1565 3518 ellus
1583 3465 1703 3531 remiget

1166 3539 1196 3588 ln
1216 3539 1318 3590 orbem.
1354 3537 1414 3588 Non
1432 3546 1500 3586 vero

1165 3608 1347 3658 nuatnnten
1365 3607 1460 3668 peden
1478 3603 1614 3668 movebis,

1167 3676 1240 3726 Nihil
1261 3680 1290 3726 tc
1310 3676 1417 3726 cithera
1435 3674 1536 3724 Phoeni

1169 3744 1338 3796 concentrlx
1354 3755 1372 3794 s
1390 3743 1504 3809 sagittis
1522 3741 1634 3792 liberet.

1168 3816 1204 3864 Et
1223 3815 1258 3863 sd
1277 3815 1438 3864 umbracula

1170 3885 1206 3934 lit
1224 3885 1339 3934 lucunas
1354 3883 1471 3946 accede,
1490 3893 1559 3944 qtiac
1578 3882 1644 3930 sunt
1662 3877 1689 3930 ln
1707 3879 1784 3930 Delo.

1172 3951 1358 4014 cruentshls,
1377 3951 1432 4002 nisi
1450 3963 1544 4014 pares,

1170 4021 1419 4072 Pulchrlsoneutcs
1436 4021 1514 4074 odas.

1170 4091 1264 4142 Ehem.

1171 4161 1249 4221 Quae
1266 4159 1334 4208 haec
1350 4157 1414 4207 sels
1431 4156 1547 4208 insolita
1564 4149 1709 4206 accesslil

1170 4229 1241 4278 liuns
1259 4227 1313 4276 solt
1331 4226 1423 4289 pinnis
1441 4224 1681 4288 spissitatem

1171 4295 1307 4346 secures
1323 4295 1450 4357 positure
1466 4294 1527 4344 suls
1543 4285 1664 4343 liherici

1170 4363 1276 4415 Pssturt
1293 4365 1322 4413 te
1339 4363 1473 4413 arcebunt
1488 4373 1618 4422 arcuum

1169 4433 1231 4484 Non
1248 4425 1354 4494 peresi
1387 4431 1492 4481 abiens
1509 4431 1538 4482 ln
1555 4427 1713 4495 gurgitihm

1170 4500 1270 4564 Alphei
1284 4499 1455 4566 nidificando,
1473 4502 1522 4550 sut

1169 4569 1272 4620 uenus
1289 4569 1457 4630 Isthmicum,

1168 4639 1206 4688 tJt
1224 4647 1307 4687 secra
1323 4649 1358 4688 ne
1380 4637 1536 4700 laedentur,

1168 4707 1205 4756 ttt
1226 4705 1328 4768 templs
1345 4705 1455 4756 Phoebi.

1170 4774 1305 4826 Occidere
1323 4773 1396 4824 enin
1413 4785 1466 4826 ros
1484 4785 1600 4840 vereor,

1168 4843 1292 4892 Deorum
1309 4841 1506 4892 annuntiantes
1523 4844 1643 4906 auguris

1168 4911 1347 4974 itoninttus;
1365 4911 1463 4974 quihus
1481 4923 1548 4962 vero
1566 4912 1693 4965 incumbo
1711 4915 1863 4974 laboribus,

1168 4975 1277 5029 Phoebo
1295 4989 1356 5029 neo
1373 4979 1511 5046 serviani,
1529 4993 1617 5044 neque
1635 4983 1759 5034 desinon

1167 5047 1241 5111 htos,
1260 5047 1304 5110 qui
1325 5059 1369 5098 ne
1386 5047 1481 5114 stunt,
1499 5049 1599 5103 colere.

1098 5111 1164 5174 aaa)
1182 5111 1339 5182 sacrorum]
1364 5115 1406 5167 sto
1430 5117 1480 5168 lid
1503 5119 1595 5184 mm
1619 5119 1701 5173 notre.
1719 5125 1823 5176 recent.
1843 5121 1891 5188 (=
1909 5127 1974 5178 text:
1993 5127 2050 5194 gr.)

1132 5183 1261 5247 hgyiael.

1097 5249 1146 5316 tt)
1164 5251 1287 5316 estorp.
1305 5249 1385 5320 vim]
1404 5251 1447 5304 hls
1465 5255 1493 5306 ln
1511 5269 1600 5322 marg.
1617 5257 1665 5308 Ed.
1688 5259 1760 5310 teet.
1780 5261 1920 5326 suscripta
1939 5267 1982 5313 est
2001 5279 2050 5315 ex-

1092 5334 1095 5344 ·
1130 5319 1259 5382 plicatio:
1279 5319 1459 5373 chinsersns.

1106 5385 1155 5452 at)
1175 5385 1261 5442 chor.
1278 5389 1339 5442 lton
1352 5415 1386 5426 —
1404 5391 1555 5458 mgentem.
1574 5389 1631 5460 (es.
1647 5391 1819 5464 lemtim]
1837 5398 1878 5449 stc
1895 5399 1943 5450 hd.
1959 5403 2050 5465 tsss.;

1132 5458 1182 5506 aa.
1203 5458 1294 5509 issa:

1398 5525 1476 5598 63*
