4682 6098
279 214 358 292 881
858 203 982 282 estu..
1015 201 1129 281 MEL.
1162 198 1366 280 SCRIPTA
1397 196 1739 278 amoenetur.
1771 239 1776 249 ·
1832 200 1839 237 '

333 391 416 462 Hoc.
456 377 556 455 Nihil
587 405 694 454 curae
724 391 778 452 est
807 375 913 462 milsi;
955 393 996 452 tu
1029 375 1120 452 mihi
1151 377 1282 453 dedisti

697 505 864 576 poenam.

286 589 386 670 1275
414 591 488 664 Pol.
506 585 554 658 Et
569 600 670 658 tuam
689 585 834 682 quidem
849 609 990 658 necesse
1007 598 1060 657 est
1075 546 1186 656 filiam
1198 583 1284 658 Cas-
1335 589 1353 658 1

699 689 867 760 sandram
889 689 997 762 mori.

335 803 417 872 use.
449 793 671 876 Abominor,
697 791 765 884 ipsi
779 787 868 862 hacc
885 793 950 863 tibi
965 793 1085 864 tribuo
1100 787 1244 864 habere.

1358 587 1436 662 285
1462 583 1663 658 lnsularum
1691 591 1913 658 desertantm
1944 583 2119 688 ipsum⁰¹t
2147 593 2285 669 abiicietis

1384 379 1459 450 Pet.
1485 377 1715 463 Concludite;
1745 375 1880 450 dictum
1898 389 1951 451 est
1965 377 2072 456 enim.

1384 488 1509 574 Apum.
1535 482 1592 552 An
1608 507 1808 579 nonquam
1827 481 2072 582 celerrime¹¹)

1752 691 1791 760 in
1818 690 1998 784 aliquam,

1384 793 1569 886 Quoniam
1582 795 1632 866 sic
1648 805 1684 866 et
1699 792 1851 863 nimium
1869 792 2010 863 licentia
2026 793 2095 864 oris
2109 795 2266 868 abutitur?

335 903 410 976 Pol.
436 897 627 970 lnterliciet
645 897 759 988 ipsam
780 891 887 968 liuius
909 896 1066 968 coniunx
1087 895 1283 968 domestica
1383 899 1552 982 Hecuba,
1579 909 1619 969 tu
1632 921 1719 969 vero
1736 921 1758 967 o
1775 896 1906 968 misera
1924 895 2083 988 geminos
2096 910 2239 972 mortuos
2303 902 2309 997 l

694 999 834 1068 acerba.

1383 1001 1528 1073 Vadens
1543 1001 1705 1095 sepelite.
1739 999 1983 1070 Dominorum
2006 1021 2090 1070 vero
2104 1027 2164 1074 vos
2178 1000 2308 1117 oportet}

333 1111 418 1182 ure.
445 1105 498 1178 Ne
521 1125 681 1198 uuquam
709 1101 866 1172 insaniat
888 1125 1001 1198 usquc
1024 1103 1114 1173 adeo
1136 1099 1285 1195 Tynda·
1386 1105 1560 1176 Tentoria
1577 1105 1762 1188 accedere,
1788 1103 1976 1174 Troiades.
2027 1099 2164 1174 Etenim
2180 1119 2282 1178 ventos

698 1203 752 1274 rei
768 1205 853 1276 filia.

1258 1225 1265 1237 '
1337 1209 1439 1286 1290
1464 1209 1623 1280 Domum
1636 1231 1760 1280 versus
1777 1207 1850 1278 iam
1867 1202 1974 1276 hosce
1988 1207 2137 1282 ferentes
2148 1209 2252 1280 video.
2303 1240 2309 1289 t

336 1313 410 1384 Pol.
441 1305 618 1403 lllumque
642 1307 758 1402 ipsum
782 1319 944 1393 tautum,
976 1308 1129 1380 securim
1155 1303 1284 1378 tollens
1387 1312 1537 1383 Utinam
1561 1313 1652 1382 bene
1679 1311 1718 1380 in
1746 1311 1903 1404 patriam
1923 1309 2146 1400 navigemust
2183 1313 2309 1413 utinam¹

693 1433 847 1482 Sursum·

1746 1437 1838 1510 quae
1855 1413 1955 1483 domi
1974 1426 2077 1498 suut,
2157 1446 2165 1454 ·

283 1507 387 1592 '1280
412 1519 536 1606 Apum.
554 1513 651 1586 Heus
665 1526 704 1584 tu
720 1513 867 1598 insanis,
883 1527 919 1584 et
933 1513 1027 1582 mala
1046 1512 1184 1606 appetis
1199 1535 1284 1582 con·
1384 1517 1485 1590 Bene
1516 1513 1650 1588 habere
1682 1517 1887 1600 videamus,
1937 1515 1982 1584 ab
2013 1511 2070 1587 his
2098 1517 2229 1586 liberari
2261 1519 2297 1586 ι).

698 1617 811 1712 sequi.

335 1721 408 1794 Pol.
436 1717 617 1804 lacerare,
643 1720 828 1815 'quoniam
852 1719 890 1788 in
908 1717 1013 1812 Argis
1036 1713 1280 1788 homicidialia

693 1823 834 1892 lavacra
854 1835 889 1893 te
904 1835 1063 1894 manent.

1748 1619 1907 1691 boribus.

1386 1725 1485 1798 otor.
1512 1719 1562 1794 lte
1578 1725 1625 1793 ad
1640 1735 1766 1817 portus
1781 1735 1816 1793 et
1829 1721 2007 1807 tentoria,
2035 1745 2057 1790 o
2073 1721 2219 1804 amicae,

1385 1827 1628 1898 Dominarum
1655 1839 1858 1898 tentaturae

335 1931 458 2020 Apono
483 1923 567 1998 Non
584 1921 732 1997 trahetis
748 1925 864 2018 ipsum
882 1926 1008 1998 famuli
1024 1951 1067 1998 ex
1090 1935 1283 2016 conspectu
1335 1928 1436 2008 1295
1462 1929 1634 2003 Labores.
1686 1928 1787 2001 Dura
1811 1927 1907 1998 enim
1928 1925 2130 1998 necessitas.

697 2053 762 2122 per
784 2027 884 2099 vim?

335 2134 410 2206 Pol.
438 2129 603 2226 Dolum)
620 2130 794 2202 audieus?

335 2241 458 2328 Apum
484 2232 569 2307 Non
593 2231 805 2306 cohibebitis
822 2232 945 2330 os⁶⁸)?

282 2376 491 2394 ”-

1339 2126 1546 2144 ffl—

1365 2245 1415 2314 ll)
1434 2247 1497 2302 Pol.
1514 2243 1602 2296 notu
1619 2266 1658 2282 -
1672 2237 1833 2302 eelsrrtns]
1857 2237 1885 2292 u
1909 2239 2035 2304 cremor
2059 2247 2103 2288 rs.
2125 2235 2152 2288 ts
2172 2231 2216 2284 lt
2232 2231 2306 2282 lars.

1402 2317 1431 2368 tn
1448 2317 1518 2368 duos
1535 2315 1601 2366 sunt
1617 2311 1767 2365 comonotl.

317 2436 367 2503 Π)
387 2437 488 2498 ⁰⁰¹⁸ss
508 2434 550 2487 ¹¹⁰
565 2436 643 2488 ‘00⁸⁸
662 2433 711 2504 (3·-
728 2434 824 2500 Wlf-
836 2407 963 2502 Ripae)
980 2429 1065 2486 wit·
1082 2431 1184 2498 Mo
1201 2430 1283 2484 ΠΜ·
1365 2451 1416 2520 ω)
1433 2449 1538 2516 lpsnn]
1555 2447 1596 2502 sio
1614 2445 1662 2516 (=
1674 2445 1771 2512 auro.
1788 2421 1891 2506 ἀύτὸν)
1909 2441 2001 2496 tuot.
2018 2443 2136 2505 rsosntt
2150 2435 2177 2488 lt
2188 2427 2309 2488 mm·

352 2517 452 2574 gron,
470 2505 547 2570 1?an
571 2505 623 2557 tto.
643 2507 719 2562 1662.
739 2507 827 2558 mele:
852 2505 951 2558 Dolor.

373 2667 442 2716 sest

316 2593 433 2712 lepos]
453 2593 495 2646 sle
512 2596 561 2656 (π
577 2593 673 2659 lturlp.
691 2589 799 2662 στόμα)
818 2591 902 2644 unte
921 2591 1043 2656 recente
1076 2586 1106 2640 tn
1130 2585 1181 2638 Ed
1206 2583 1283 2646 1502.

1402 2523 1492 2573 orest.

1140 2863 1471 2882 ψ

369 3113 445 3176 Huic
466 3110 703 3194 interpretationi
723 3109 857 3171 addimus
870 3109 1089 3190 Prologurn,
1111 3121 1201 3186 quem
1214 3099 1283 3164 lle-
1381 3095 1512 3168 Factos
1527 3087 1689 3190 aliquo⁸)
1707 3103 1868 3180 tempore
1884 3083 1995 3155 ludos
2012 3082 2196 3166 scenicos,

284 3201 406 3264 lauthon
428 3201 459 3260 in
482 3199 607 3260 eandem
629 3197 780 3278 Euripidis
806 3195 990 3276 tragoediam
1018 3193 1143 3273 scripsit.
1193 3189 1282 3250 lllunr

283 3287 444 3362 exhibant,
464 3299 498 3348 ut
519 3286 577 3344 ianr
598 3301 688 3364 sopra
710 3303 744 3363 p.
758 3279 822 3346 eal
839 3302 886 3360 sq.
908 3281 1053 3359 diximus,
1081 3279 1113 3339 lri
1134 3277 1216 3340 libri:

368 3423 396 3466 a.
429 3405 557 3483 Farrago
577 3403 737 3466 Senecione
758 3403 871 3482 aliquot
891 3402 1142 3481 Epigrammatum
1162 3395 1255 3476 ttal.;

367 3509 397 3568 b.
426 3505 623 3568 Melanthonis
644 3503 727 3586 Opp.
747 3503 839 3565 Basil.
861 3503 948 3565 rom.
963 3503 997 3566 V.
1019 3521 1050 3582 p.
1065 3497 1160 3576 teta

370 3627 397 3670 c.
425 3609 546 3687 Prologi
566 3609 694 3688 aliquot,
717 3607 787 3666 olim
809 3607 932 3666 scenicis
944 3607 1106 3666 actionibus
1118 3603 1284 3684 praemissi,

412 3694 552 3756 exhibitis
573 3696 604 3754 in
625 3693 782 3754 Academia
802 3693 1013 3771 Vitebergensi
1034 3691 1087 3753 fol.
1100 3691 1125 3750 A
1139 3689 1171 3752 8.
1178 3709 1189 3765 ς

368 3797 398 3859 d.
427 3796 582 3858 Grathosii
605 3798 740 3857 oollsctto
762 3796 943 3875 Epigramm.
965 3795 1037 3856 Mel.
1057 3793 1111 3854 fol.
1126 3789 1218 3868 Koa

368 3919 397 3964 e.
426 3901 579 3960 vincentii
599 3899 691 3960 editio
712 3893 894 3978 ll'pigranrn.
915 3895 989 3958 lfel.
1010 3895 1064 3957 fol.
1076 3897 1108 3958 K
1122 3887 1283 3972 1⁵-8⁸;

366 3999 391 4064 f.
421 4001 508 4061 huius
529 4001 620 4080 Corp.
641 3997 776 4060 Reform.
799 3995 867 4058 vol.
879 3996 916 4060 X.
938 4017 970 4078 p.
984 3995 1059 4060 499.
1081 4016 1129 4078 nr.
1142 3995 1196 4060 46.

359 4135 589 4236 Prologus
623 4135 669 4210 in
699 4133 923 4257 Hecubam
948 4131 1207 4236 Euripidis:

332 4277 514 4374 Salvete¹)
532 4287 748 4369 spectatores
769 4272 1037 4360 candidissimi,

335 4381 410 4474 Qui
423 4379 620 4450 litterariae
636 4378 691 4450 rei
706 4379 799 4449 bene
811 4376 962 4470 cupitis,

332 4484 383 4554 lli
399 4507 456 4552 me
471 4482 617 4554 iuvenes
632 4481 755 4552 daturi
771 4476 880 4552 hodie
896 4477 1140 4570 tragoediam,

333 4586 452 4660 Orare
470 4609 612 4656 causam
629 4586 726 4678 apud
741 4607 805 4656 vos
820 4583 1001 4655 iusserunt
1013 4606 1128 4658 suam.
1197 4627 1205 4642 .

310 4747 315 4757 ,
333 4688 420 4762 ldro
435 4683 494 4760 hic
509 4687 548 4758 in
563 4689 643 4782 ipso
657 4685 802 4760 constiti
818 4684 1029 4778 proscenio,

330 4793 379 4866 Et
393 4795 469 4888 lege
483 4791 622 4863 scenica
641 4803 747 4882 peto,
772 4801 815 4859 ut
830 4789 954 4886 aequis
970 4786 1129 4864 auribus.

333 4897 550 4969 Orationem
567 4891 751 4986 accipiatis
771 4915 909 4976 meam,
935 4903 971 4964 et
989 4915 1088 4966 meos

333 4999 506 5092 Gregales
522 4997 697 5067 invidiam
715 5008 842 5064 contra
857 4995 1042 5066 tueamini.

335 5103 496 5200 Quidam
513 5123 611 5171 novo
627 5099 702 5190 et’)
719 5097 866 5170 infando
886 5099 1049 5194 exemplo
1064 5097 1270 5184 clamitant,

283 5245 493 5266 μ

323 5309 354 5376 1)
372 5301 500 5372 salvete]
518 5303 570 5358 lto.
588 5301 685 5356 Gratti.
704 5313 802 5354 erroro
817 5307 948 5368 tuorna
972 5303 1099 5355 salvere.

317 5389 685 5456 eustermonat,
710 5389 839 5456 Prolem,
863 5389 1011 5453 erano..;
1047 5387 1128 5441 Vlno.
1152 5389 1181 5438 st
1199 5383 1285 5452 (torp.

352 5463 413 5517 Μ.
433 5461 485 5514 L:
511 5463 604 5526 etque

1384 3197 1432 3271 Et
1446 3223 1524 3272 sera
1540 3191 1779 3266 Bacchanalia
1798 3213 1816 3259 a
1832 3187 1937 3258 nobis
1952 3187 2039 3288 agi,

1384 3301 1482 3373 Dum
1498 3297 1711 3373 Christianis
1728 3291 1952 3388 operandum
1972 3288 2097 3362 sacris
2112 3285 2196 3359 luit.

1384 3407 1460 3481 Nec
1475 3403 1637 3500 publicos
1653 3423 1792 3484 mores,
1817 3419 1884 3466 uec
1898 3416 2007 3466 sacra
2022 3393 2175 3462 laedere

1385 3507 1481 3582 Ludi
1490 3511 1636 3605 'queunt
1649 3501 1776 3576 nostri.
1824 3497 1920 3571 Nam
1936 3521 2021 3566 nou
2039 3489 2273 3567 comoediam

1384 3611 1604 3696 Iocularem,
1630 3621 1693 3680 aut
1708 3601 1883 3677 iuveniles
1904 3625 2079 3686 amores,
2106 3600 2250 3672 furtove

1382 3717 1611 3798 Puellarum,
1636 3723 1700 3782 aut
1714 3705 1958 3804 parasitorum
1976 3703 2161 3776 scurrilia

1384 3819 1465 3894 lluc
1479 3821 1690 3890 adferuntur
1697 3813 1730 3909 ⁴)
1747 3810 1861 3894 dicta,
1888 3831 1984 3904 quae
2004 3806 2172 3878 infirmis
2188 3801 2298 3876 solent

1384 3923 1524 3998 Nocere
1541 3919 1738 3999 mentibus3
1765 3915 1828 3986 sed
1843 3911 1968 3982 tetrica
1987 3911 2146 3996 fabula,

1385 4025 1650 4120 sententiisque
1666 4021 1797 4092 referta
1814 4013 2043 4112 gravissimis
2062 4016 2207 4097 datur,

1382 4129 1426 4202 ln
1440 4155 1512 4227 qua
1525 4131 1692 4200 fortunae
1707 4121 1826 4194 varias
1841 4141 1990 4189 cernere
2011 4131 2073 4190 est
2090 4117 2216 4200 vices,

1385 4235 1489 4328 Quae
1505 4231 1644 4326 unguis
1661 4227 1788 4323 opibus
1803 4221 1989 4308 invidens,
2021 4234 2226 4302 evertere,

1381 4337 1581 4432 Fastigium
1600 4337 1644 4405 ad
1661 4355 1842 4406 summum
1860 4350 1950 4423 quos
1965 4327 2125 4411 evexit,
2154 4325 2263 4396 solet.

1386 4441 1425 4513 si
1441 4466 1548 4537 quem
1562 4442 1708 4511 fortuna
1726 4434 1819 4506 fovit
1835 4428 2034 4528 mollius⁸)
2050 4425 2268 4508 hactenus,

1383 4545 1623 4640 Regnumque
1638 4541 1668 4615 si
1683 4539 1741 4610 cui
1757 4560 1879 4631 gerere
1896 4533 2173 4632 precarium‘l)
2191 4527 2293 4601 dedit

1385 4647 1427 4719 ln
1460 4649 1645 4744 populo„
1676 4641 1774 4716 hunc
1808 4649 1953 4710 nostrae
1994 4645 2262 4710 commouent
2300 4634 2327 4692 to:

1749 4743 1897 4840 gordiae

1335 4894 1541 4909 μ

1367 4985 1400 5056 8)
1417 4985 1526 5052 ntqoo]
1544 4982 1587 5037 stc
1603 4983 1671 5050 oop.
1689 4978 1792 5046 full„
1810 4975 1941 5046 Prolem,
1960 4977 2102 5052 Gruter
2130 4984 2225 5040 vtae,
2246 4981 2277 5034 et
2294 4975 2327 5030 ct

1403 5057 1466 5110 ner.
1484 5055 1539 5108 L:
1565 5053 1668 5105 altono.

1368 5144 1401 5204 4)
1417 5139 1599 5199 adferuntur]
1623 5135 1666 5188 stc
1684 5135 1753 5198 opp.
1771 5131 1875 5198 null..
1900 5129 2051 5204 Prolog„
2082 5139 2215 5204 ereum
2249 5135 2325 5190 vtro

1404 5209 1487 5274 (torp.
1504 5209 1566 5259 ttel.
1583 5208 1637 5260 xa
1661 5205 1800 5257 suerunt

1369 5299 1401 5356 o)
1420 5291 1542 5362 nolllos]
1561 5295 1644 5359 corp.
1666 5293 1728 5344 uel.
1746 5291 1783 5344 x.
1801 5301 1900 5342 errore
1916 5290 2070 5358 crpore:
2097 5297 2259 5348 mollitus.

1368 5381 1401 5448 σ)
1419 5377 1589 5444 procertari]
1618 5377 1660 5428 ste
1682 5377 1754 5439 ops.
1769 5373 1875 5440 lull,
1899 5371 2052 5446 Ptolom,
2080 5379 2216 5449 Gratia
2254 5378 2327 5432 Vino

1404 5451 1489 5514 corp.
1507 5448 1570 5502 ltol.
1588 5449 1640 5500 x.=
1664 5445 1849 5512 praeclarum
