4844 6122
263 251 327 336 aa

275 451 314 500 se
337 425 497 519 praehet.
556 421 641 494 Ideo
666 436 842 496 nocturna
861 427 923 520 jest
944 440 980 498 et
1001 429 1167 514 sinistra,
1200 442 1279 500 tan-

276 553 388 626 quam
403 527 547 597 Orienti
562 527 741 620 opposita.

278 772 443 860 Quomodo
465 770 619 860 regiones
640 770 686 837 od
707 771 861 858 triponos
882 779 917 841 ec
940 771 1056 842 stallos
1076 781 1278 864 congruont.

379 940 595 1032 Congruunt
611 947 731 1006 autem
747 937 785 1006 in
799 937 947 1030 singulis
963 952 1081 1008 terrae
1093 941 1277 1024 tractibus,

276 1045 447 1140 propriae
465 1039 658 1112 harmotum
679 1041 869 1134 qualitates
897 1055 933 1112 et
954 1042 1206 1114 inclinationes
1230 1039 1294 1112 ad

276 1149 391 1242 signa.
443 1141 494 1214 Ut
507 1141 602 1213 enim
621 1143 713 1215 aeris
728 1145 936 1216 constitutio
953 1143 990 1213 in
1008 1145 1050 1216 iis
1065 1145 1166 1229 locis,
1182 1167 1274 1240 quae

277 1250 350 1322 diri
367 1247 503 1330 calida,
526 1246 656 1338 frigida
675 1257 737 1316 aut
757 1260 953 1340 temperata
979 1271 1074 1332 csse,
1108 1247 1276 1318 differen-

276 1353 345 1427 tias
359 1348 469 1422 habet
487 1349 525 1418 in
539 1349 816 1448 particularibus
839 1349 1065 1443 regionibus,
1091 1351 1155 1421 ubi
1178 1375 1276 1421 com-

275 1455 396 1528 munis
425 1453 579 1550 qualitas
601 1451 801 1523 intenditur
824 1465 886 1524 aut
907 1453 1103 1524 remittitur
1126 1467 1276 1548 propter

275 1561 364 1633 situs
397 1555 683 1640 ordinationem,
719 1555 966 1643 altitudinem,
1005 1569 1067 1626 aut
1092 1551 1275 1626 humilita-

275 1676 384 1744 tem:
411 1685 565 1754 cumque
598 1659 660 1730 alii
692 1660 806 1751 magis
827 1659 900 1731 sint
923 1672 1104 1755 equestres
1124 1673 1275 1778 prop-ter

274 1767 415 1861 patriae
438 1763 646 1858 planitiem,
679 1762 743 1834 alii
765 1763 994 1854 navigatores
1015 1775 1165 1854 propter
1188 1763 1274 1832 vici·

275 1895 364 1942 num
382 1892 501 1950 marc,
525 1879 561 1936 et
586 1866 699 1960 aliqni
724 1878 874 1958 propter
897 1865 1056 1957 regionis
1071 1866 1272 1936 ubertatem

273 1973 452 2046 mitiores:
479 1969 529 2042 ita
546 1970 758 2040 etdivcrsae
780 1969 971 2063 qualitates
994 1981 1079 2041 sunt
1099 1969 1273 2060 gentium,

273 2090 318 2150 ιιι
345 2075 436 2146 aliae
465 2075 513 2144 ad
544 2072 612 2142 alia
647 2071 748 2163 signa
774 2072 1043 2164 particulariter
1061 2083 1273 2163 congruant,

274 2203 368 2276 quae
385 2191 507 2248 tamen
526 2175 742 2270 qualitatum
758 2175 959 2250 similitudo
975 2177 1020 2246 ad
1038 2173 1245 2266 plurimos
1233 2194 1272 2244 m

273 2305 404 2375 genere
439 2278 606 2372 pertinet.
664 2276 816 2353 Necesse
847 2291 901 2352 est
930 2279 1041 2371 igitur
1063 2277 1272 2350 summatim

270 2385 406 2478 exponi
424 2379 520 2456 barac
542 2381 893 2474 considerationem,
918 2395 1096 2478 quatenus
1119 2383 1166 2452 ad
1190 2403 1272 2473 par-

271 2489 457 2562 ticularem
475 2486 677 2558 doctrinam
694 2484 876 2556 conducit.

376 2591 466 2664 Cum
499 2589 608 2682 igitur
633 2589 866 2680 insignilero
889 2601 1047 2684 quatuor
1072 2589 1272 2680 triangulae

270 2697 406 2788 figurae
423 2693 707 2776 constituantur,
731 2705 773 2764 ιιι
790 2717 898 2784 supra
915 2705 1095 2766 ostensum
1110 2705 1181 2778 cst,
1198 2715 1271 2764 una

270 2799 421 2880 Arietis,
438 2793 571 2866 Leonis
586 2807 622 2865 et
636 2794 840 2887 Sagittarii,
859 2819 953 2890 quae
968 2809 1145 2868 vocantur
1159 2797 1270 2868 mixta

272 2927 315 2973 cx
338 2899 518 2996 Aquilone
549 2909 585 2969 et
610 2897 754 2984 Africo,
800 2911 842 2970 ut
872 2899 1078 2992 gubernans
1106 2925 1269 2972 occasum

270 3004 515 3079 solstitialem:
558 2997 618 3072 hic
650 3003 851 3096 triangulus
885 3003 1106 3097 gubernator
1129 3003 1272 3097 potissi-

179 3187 182 3194 ,
269 3136 369 3180 mum
393 3103 511 3178 alove
533 3119 683 3202 propter
704 3107 824 3180 locum
849 3107 1165 3204 septentrionalem
1192 3120 1228 3178 et
1250 3131 1270 3177 a

267 3209 387 3284 Marte
402 3225 552 3306 propter
569 3235 746 3285 occasum.

373 3315 592 3410 Triangulus
607 3327 726 3388 autem
745 3317 882 3402 Tauri,
907 3313 1070 3408 Virginis
1093 3327 1128 3384 et
1145 3313 1270 3406 Capri-

270 3409 393 3506 corni,
432 3417 722 3504 Austrisolauus,
765 3420 804 3489 in
834 3431 918 3490 ortu
946 3417 1104 3488 brumali
1133 3419 1271 3508 regitur

269 3522 505 3619 praecipuea
534 3521 695 3606 Venere,
725 3535 876 3616 propter
897 3521 1103 3602 meridiem,
1139 3521 1270 3590 deinde

270 3641 339 3700 eta
357 3628 534 3710 Saturno,
560 3641 710 3720 propter
725 3639 859 3698 ortum

371 3729 590 3824 Triangulus
620 3743 740 3801 autem
767 3728 1029 3813 Geminorum,
1071 3725 1203 3798 Librae
1236 3741 1272 3798 et

268 3835 441 3932 Aquarii,
483 3833 614 3906 mixtus
644 3857 687 3904 ex
707 3833 888 3930 Aquilone
911 3845 947 3904 et
968 3832 1190 3916 Subsolano,
1232 3831 1271 3902 in

270 3955 353 4012 ortu
371 3936 551 4012 solstitiali
568 3935 705 4032 regitur
728 3939 920 4034 praecipue
943 3961 962 4005 a
981 3936 1160 4019 Saturno,
1185 3959 1270 4030 pro-

268 4058 350 4137 pter
365 4058 504 4127 ortum,
519 4037 698 4138 habetque
714 4041 850 4113 socium
860 4039 1132 4134 'gubernationis
1148 4035 1268 4110 lovem

269 4161 421 4240 propter
435 4145 668 4240 Aquilonem.

371 4249 591 4339 Triangulus
606 4261 724 4320 autern
735 4245 878 4331 Cancri,
895 4245 1036 4340 Scorpii
1056 4245 1269 4330 etPiscinm,

269 4349 402 4424 mixtus
417 4377 459 4422 ex
472 4351 605 4422 Austro
623 4365 658 4422 et
671 4351 852 4432 Africo,
842 4375 880 4418 nr
897 4373 969 4419 occ
963 4375 1023 4420 asu
1040 4349 1197 4419 brumali
1214 4375 1269 4420 re-

269 4453 366 4545 gitur
392 4479 411 4524 a
436 4455 572 4538 Marte,
613 4467 762 4548 propter
787 4451 969 4536 Africum,
994 4447 1189 4556 habetque
1211 4478 1269 4524 so-

270 4557 361 4628 ciam
382 4555 579 4644 Venerem,
606 4571 754 4650 propter
768 4556 954 4626 Austrum.

374 4659 477 4754 Quae
494 4685 574 4730 cum
591 4660 639 4732 ita
659 4685 694 4730 se
710 4653 880 4742 habeant,
895 4669 930 4727 et
945 4669 1066 4728 nostra
1087 4669 1181 4728 terra
1196 4659 1266 4730 dis·

268 4761 477 4833 tribuatur
466 4789 503 4832 ιιι
529 4763 747 4860 quadrantes
771 4774 948 4858 quatuor,
975 4765 1267 4833 accommodatos

858 251 985 329 altu..
1020 255 1136 332 aaut.
1167 255 1375 334 senuas
1398 255 1738 338 PHILOLOGIGA.

2275 273 2330 350 to

1328 432 1422 502 fiunt
1438 434 1657 528 quadrantes
1679 447 1858 530 quatuor,
1891 437 1988 510 iuxta
2011 439 2237 533 trigonorum
2260 471 2328 518 uu-

1330 559 1484 607 merum.

1430 637 1576 708 Primus
1604 638 1715 730 igitur
1743 643 1925 736 quadrans
1949 646 1994 714 ad
2018 671 2181 722 occasum
2208 628 2329 724 solsti-

1329 737 1473 825 tialem,
1513 741 1645 813 mixtus
1667 767 1710 812 ex
1730 737 1910 840 Aquilone
1933 761 1968 816 et
1989 745 2131 841 Africo,
2166 754 2330 828 continet

1330 841 1521 924 Celticam;
1548 845 1733 915 communi
1749 849 1896 922 nomine
1914 851 2045 922 dicitnr
2058 849 2220 950 Europa.

1430 945 1522 1017 Huic
1538 947 1723 1039 oppositus
1739 955 1915 1024 sccundus
1929 957 2111 1048 quadrans
2121 959 2329 1031 adAustro·

1329 1045 1513 1133 solanum,
1540 1075 1662 1123 versus
1686 1051 1896 1125 orientalem
1916 1052 2174 1150 Aethiopiam,
2193 1063 2239 1132 ιιιι
2265 1088 2327 1134 οι-

1329 1162 1427 1322 tuml
1430 1152 1653 1239 brumalem,
1693 1153 1824 1226 dicitur
1846 1183 1997 1252 magnae
2019 1159 2126 1231 Asiae
2153 1187 2236 1256 pars
2260 1189 2326 1234 au-

1327 1265 1399 1323 stra
1417 1279 1459 1325 rs.

1430 1355 1574 1426 Tertius
1591 1359 1772 1451 quadrans
1788 1359 1833 1428 ad
1848 1373 1966 1430 ortum
1983 1360 2217 1450 solstitialem,
2232 1366 2325 1436 mix-

1327 1469 1383 1530 tus
1407 1483 1449 1530 cx
1470 1457 1650 1554 Aquilone
1673 1474 1707 1530 et
1730 1461 1950 1548 Subsolano,
1983 1489 2105 1536 versus
2125 1419 2324 1560 Scythiam,

1326 1561 1459 1634 dicitur
1475 1585 1627 1654 magnae
1643 1563 1749 1634 Asiae
1765 1589 1848 1656 pars
1865 1517 2097 1662 aquilonaris.

1428 1661 1520 1734 Huic
1550 1666 1735 1783 pppositus
1764 1670 1946 1764 quadrans
1974 1671 2019 1738 ad
2046 1694 2210 1740 occasum
2235 1671 2323 1738 bru·

1325 1765 1480 1850 malem,
1512 1765 1644 1838 mixtus
1673 1793 1715 1838 ex
1737 1769 1918 1885 Aquilone
1949 1781 1984 1841 et
2011 1769 2164 1854 Austro,
2197 1796 2323 1842 versus

1326 1869 1581 1939 occidentalem
1605 1865 1872 1988 Aethiopiam,
1895 1873 2025 1946 dicitur
2048 1875 2232 1946 communi
2254 1899 2323 1946 no·

1325 1970 1563 2066 mineLibya.

1427 2073 1618 2145 Praeterea
1641 2073 1771 2168 singuli
1795 2075 2032 2170 quadrantes,
2071 2103 2142 2178 qna
2167 2092 2323 2171 vergunt

1324 2177 1362 2247 in
1383 2179 1541 2248 medium
1570 2177 1681 2249 totius
1705 2191 1851 2250 nostrae
1873 2193 2009 2268 terrae,
2043 2183 2150 2252 aliam
2171 2195 2322 2254 sumunt

1324 2293 1513 2364 naturam,
1540 2302 1648 2378 quarn
1667 2283 1808 2376 qualern
1825 2277 1934 2352 habet
1948 2237 2044 2356 toths
2066 2288 2248 2380 quadrans
2271 2287 2322 2356 ad

1324 2397 1439 2454 totum
1458 2385 1581 2454 orbern
1597 2383 1758 2456 collatus.
1810 2385 1951 2456 Medius
1966 2389 2061 2457 enim
2078 2383 2246 2482 Europae
2266 2391 2325 2460 lo-

1325 2513 1405 2572 cus,
1431 2487 1605 2584 quaesita
1624 2490 1737 2558 estad
1754 2487 1976 2562 solstitialem
2000 2516 2184 2576 occasum,
2210 2491 2240 2562 si
2264 2517 2322 2563 re·

1323 2591 1454 2686 spicias
1468 2589 1672 2662 universam
1689 2601 1837 2676 terram,
1854 2591 2039 2686 oppositus
2055 2607 2107 2664 est
2124 2595 2219 2664 ortui
2234 2596 2324 2666 bru-

1324 2695 1432 2778 mali,
1458 2695 1558 2766 abea
1576 2707 1679 2788 parte
1695 2690 1919 2789 quadrantis.
1969 2693 2020 2766 lta
2041 2697 2242 2767 incaeteris
2263 2697 2322 2768 iu-

1323 2799 1518 2870 dicandum
1549 2810 1620 2882 est,
1661 2799 1974 2894 unumquemlibet
2004 2802 2238 2895 quadrantem
2264 2801 2320 2869 la-

1323 2901 1567 2974 miliaritatem
1581 2897 1714 2972 habere
1728 2926 1808 2974 cum
1834 2903 1973 2974 duobus
1992 2901 2144 2995 trigonis
2167 2901 2260 2972 inter
2281 2929 2322 2978 se

1324 3004 1518 3102 oppositis,
1545 3029 1626 3075 cum
1651 3017 1831 3076 extremae
1853 3018 1972 3098 partes
1995 3004 2234 3100 peculiaribus
2256 3007 2323 3076 tri-

1324 3109 1426 3204 gonis
1440 3121 1633 3202 regantur,
1659 3108 1799 3180 mediae
1815 3134 1901 3179 vcro
1918 3121 2101 3182 assumant
2114 3109 2233 3181 stellas
2255 3109 2321 3181 do·

1324 3215 1503 3284 minantes
1518 3213 1555 3282 in
1574 3211 1749 3305 oppositis
1772 3211 1947 3306 partibus.
2000 3211 2053 3282 Ac
2075 3226 2115 3284 ut
2140 3213 2178 3304 ip
2204 3227 2322 3286 extre-

1323 3317 1391 3388 mis
1423 3317 1491 3389 soli
1514 3315 1686 3408 trianguli
1710 3315 1960 3386 dominantur:
1994 3315 2042 3385 ita
2066 3317 2105 3386 in
2121 3317 2251 3388 ‘medio
2272 3319 2322 3388 ad

1323 3421 1569 3492 dominatores
1591 3415 1841 3512 oppositorum
1867 3419 2083 3510 adiungatur
2104 3417 2324 3506 Mercurius,

1322 3537 1515 3618 propterea
1539 3525 1638 3616 quod
1662 3547 1892 3593 communem
1915 3535 1950 3592 et
1971 3523 2127 3591 mediam
2148 3535 2323 3594 naturam

1324 3627 1537 3724 qualitatum
1555 3623 1676 3695 habet.

1426 3727 1566 3824 Quibus
1583 3729 1631 3798 ita
1648 3727 1850 3822 dispositis,
1875 3727 2039 3820 regiones
2057 3726 2095 3796 in
2112 3729 2231 3820 primo
2244 3725 2324 3799 Eu-

1323 3857 1435 3926 ropae
1453 3833 1673 3928 quadrante,
1707 3831 1751 3900 ad
1776 3831 1998 3922 solstitialem
2023 3855 2187 3902 occasum
2215 3831 2326 3920 sitae,

1322 3949 1489 4006 naturam
1519 3929 1654 4004 babent
1676 3933 1830 4026 trigoni,
1858 3932 2010 4016 Arietis,
2040 3932 2173 4004 Leonis
2197 3947 2232 4004 et
2252 3933 2324 4005 Sa-

1322 4037 1476 4131 gittarii,
1494 4051 1529 4108 et
1544 4038 1779 4108 dominantur
1792 4033 1928 4129 Iupiter
1945 4049 1980 4107 et
1996 4035 2094 4107 Mars
2110 4037 2325 4130 vespertini.

1321 4141 1398 4212 Hac
1415 4155 1517 4222 sunt,
1543 4141 1631 4212 side
1648 4141 1732 4212 totis
1747 4139 1912 4233 gentibus
1931 4141 1993 4210 fiat
2016 4139 2210 4226 iudicium,
2234 4139 2325 4210 Bri-

1321 4247 1466 4330 tannia,
1500 4243 1664 4337 Belgica,
1706 4243 1921 4326 Germania,
1954 4241 2166 4326 Bastarnia,
2198 4239 2325 4332 ltalia,

1321 4349 1458 4432 Gallia,
1485 4349 1602 4419 Gallia
1628 4359 1770 4438 togata,
1795 4345 1946 4440 Apulia,
1980 4346 2120 4434 Sicilia,
2154 4341 2324 4441 Tyrrhe·

1320 4453 1403 4537 nia,
1436 4451 1587 4535 Celtica,
1621 4449 1808 4542 Hispania.
1873 4445 1914 4518 ln
1944 4443 1999 4520 his
2032 4451 2196 4542 gentibus
2230 4475 2324 4520 con-

1320 4567 1453 4650 gruunt
1468 4579 1588 4625 mores
1602 4555 1647 4622 ad
1664 4553 1845 4645 trigonum
1865 4565 1900 4622 et
1915 4553 2170 4624 dominatrices
2184 4553 2323 4628 stellas.

1319 4659 1410 4730 Sunt
1434 4657 1529 4728 enim
1552 4655 1780 4748 impatientes
1801 4657 2001 4738 servitutis,
2034 4657 2184 4750 cupidae
2207 4657 2322 4728 libcr-

1318 4761 1421 4845 tatis,
1447 4785 1630 4830 armorum
1648 4773 1682 4829 ct
1701 4757 1878 4829 bellorum
1902 4757 2104 4844 studiosae,
2137 4761 2321 4852 patientes

214 4907 218 4914 -
269 4869 314 4934 ad
318 4862 595 4960 triangulorum
612 4891 827 4948 numerum
844 4863 997 4934 latitudo
1013 4865 1186 4934 drvrdotur
1201 4891 1265 4957 per
1317 4864 1471 4948 laboris,
1512 4876 1675 4934 amantes
1707 4861 1992 4932 dominationem
2026 4870 2062 4932 ct
2084 4861 2318 4950 munditiem,

268 4965 401 5040 lineam
421 4962 680 5052 marisnbstri,
707 4969 835 5037 asrcto
853 4964 1058 5038 Herculano
1075 4967 1173 5037 ad
1145 4970 1262 5038 sarium
1317 4967 1564 5060 magnitudine
1581 4991 1787 5036 animorum
1804 4979 2035 5059 praestantes

268 5067 415 5142 Issicum
432 5077 556 5154 ducta:
585 5085 620 5142 et
634 5072 801 5164 deinceps
819 5073 864 5138 ad
889 5083 1008 5140 ortum
1034 5095 1100 5162 per
1123 5083 1264 5140 monta-

1420 5070 1512 5162 Quia
1529 5095 1615 5140 vcro
1630 5065 1767 5162 iupiter
1781 5067 1924 5140 etMars
1940 5063 2074 5138 habent
2089 5095 2126 5141 se
2138 5081 2315 5165 tauquam

267 5181 356 5246 num
373 5177 542 5260 dorsum,
568 5201 661 5270 qnae
674 5173 1037 5268 lidea=aquilonnrem
1054 5184 1193 5266 partem
1218 5175 1264 5242 ab
1316 5172 1530 5262 acepertiui,
1555 5185 1590 5244 ct
1606 5173 1692 5268 quia
1705 5173 1906 5266 triangulus
1921 5197 2047 5242 eorum
2064 5175 2187 5266 priore
2209 5189 2316 5264 parte

269 5279 417 5349 australi
433 5291 588 5370 separat.
637 5277 860 5348 Linearcro·
870 5302 915 5347 ex.
926 5277 1084 5347 Arabico
1093 5277 1183 5348 ,ειιιιι
1199 5301 1264 5368 per
1315 5275 1500 5348 masculus.
1529 5289 1600 5360 cst,
1647 5277 1847 5369 posteriore
1882 5277 2079 5360 semineus,
2118 5278 2315 5349 mulierum

267 5380 449 5474 Aegaeum
475 5383 643 5474 pelagum,
674 5377 1137 5476 uoptum.ot·.ttaooucem
1153 5381 1264 5472 :paln-¹
1316 5378 1499 5451 amoribus
1515 5379 1865 5454 minustencnturet
1889 5381 1994 5473 praui
2015 5393 2100 5470 sunt
2122 5383 2167 5451 ad
2192 5381 2316 5450 libidi-

267 5487 351 5556 dem
366 5487 471 5574 ducta
491 5485 663 5558 discernit
679 5483 869 5556 Orientem
886 5483 1188 5574 otooqidentem.
1207 5481 1263 5552 lta
1315 5498 1379 5558 nes
1401 5483 1500 5557 alias.
1557 5481 1708 5556 lnteri'ro
1726 5497 1851 5556 tamen
1875 5484 2031 5556 retinent
2048 5483 2317 5572 tortitudinem,¹
