4844 6122
68 229 107 302 61
226 217 368 296 XLVll.
414 215 813 296 INTERPRETA'I'lO
838 213 1011 290 orfitus
1036 211 1424 312 QUADRIPARTITI
1448 207 1735 286 P'l'OLEMAEl
1765 207 1856 320 ulls.
1877 207 1936 282 lll.

2056 210 2108 286 62

160 395 200 468 si
215 407 337 466 autem
354 407 497 486 tempus
511 393 600 462 illud
613 392 819 483 ignoretur,
844 403 884 462 ut
898 389 1057 482 plerum·
1107 388 1199 472 sint,
1243 411 1334 482 quae
1359 383 1544 456 naturales
1566 403 1690 452 causas
1711 375 1858 454 habent.
1921 382 2109 454 Conducet

72 527 131 598 que
148 502 206 583 lit,
230 498 376 568 initium
395 497 463 566 erit
479 519 636 586 egressus
663 519 706 564 ex
729 507 844 564 utero.
903 493 996 564 Nam
1022 501 1058 560 et
1108 503 1228 562 autem
1243 501 1278 560 et
1293 503 1433 582 tempus
1449 498 1640 578 conceptus
1661 509 1897 576 cognoscere,
1924 489 1969 558 ad
1993 485 2108 582 quali-

70 603 134 676 boc
153 617 289 694 tempus
318 599 548 692 potissimum
580 611 656 681 est,¹
687 611 723 666 et
745 593 814 666 hac
834 607 975 664 tantum
999 617 1057 662 ra·
1107 607 1197 664 tates
1214 590 1509 688 temperamenti,
1536 613 1579 658 er
1594 587 1882 662 consideratione
1902 601 2108 680 conceptus,

75 710 164 778 tione
185 706 227 774 ab
247 705 360 774 altero
378 701 487 770 initio
509 701 646 782 differt,
681 703 778 794 quod
803 699 1056 768 animadverso
1108 698 1261 792 siquem
1277 695 1455 766 curiosior
1471 691 1643 764 scrutatio
1659 692 1822 762 delectat.

81 820 259 898 conceptu,
279 804 440 897 praedici
460 813 611 896 possunt
627 826 687 885 ea,
720 827 812 896 quae
838 801 1058 894 praecedunt

89 931 250 1002 egressum
276 932 310 976 er
337 920 460 976 utero.
527 907 579 975 Ac
609 919 799 997 conceptus
826 904 971 998 quidem
1003 899 1058 967 in-

98 1009 220 1082 choatio
233 1034 294 1080 esse
309 1009 432 1102 aliqua
451 1020 586 1099 potest;
619 1009 691 1077 sed.
704 1031 864 1098 egressus
888 1031 930 1075 er
953 1015 1058 1073 utero

101 1125 143 1184 est
151 1111 323 1204 principale
339 1110 531 1181 exordium
545 1112 656 1191 vitae,
677 1122 839 1202 tempore
862 1106 1058 1201 posterius;

88 1215 225 1309 potentia
239 1239 344 1298 vero,
371 1213 524 1306 aequale
541 1225 576 1282 et
595 1211 845 1305 praestantius.
905 1209 952 1280 Et
972 1231 1058 1300 pro-

83 1319 255 1412 pemodum
284 1329 479 1408 conceptus
504 1314 574 1384 dici
599 1327 718 1406 posset
740 1314 886 1386 seminis
910 1333 1059 1403 genera-

22 1497 23 1524 ,
83 1421 141 1500 tio;
165 1444 316 1512 egressus
332 1417 453 1488 aute'm
472 1441 515 1486 ex
528 1430 653 1500 utero,
685 1417 867 1508 generatio
887 1411 1057 1484 hominis.

21 1591 23 1610 ,
84 1524 179 1592 blulta
201 1522 293 1592 enim
317 1536 403 1592 tunc
427 1523 545 1590 foetus
568 1519 795 1612 adipiscitur,
837 1541 928 1612 quae
952 1528 1056 1584 antea

87 1627 203 1696 inalvo
226 1627 387 1695 nondum
414 1623 450 1693 ei
472 1626 643 1705 aderant,
675 1647 717 1692 ac
739 1623 887 1714 propria
912 1619 1058 1713 quidem

84 1726 239 1799 humanae
253 1741 425 1809 naturae,
450 1738 493 1796 ut
506 1749 674 1796 sensuum
695 1726 853 1794 actiones
875 1735 910 1791 et
931 1744 1059 1812 corpo-

86 1833 127 1902 ris
141 1843 262 1902 moltis.

172 1932 245 2004 Etsi
257 1945 371 2002 autem
388 1930 531 2023 positus
547 1929 638 1999 coeli
652 1929 691 1997 in
711 1939 818 2019 partu
840 1951 915 1998 non
938 1925 1060 1995 videa·

87 2049 139 2106 tur
153 2036 301 2126 primum
317 2036 468 2104 condere
483 2045 670 2101 naturam:
695 2043 816 2100 tamen
830 2029 998 2100 conducit
1014 2030 1061 2096 ad

21 2203 24 2212 ,
90 2133 181 2216 boc,
202 2137 467 2206 utloetusexeat
483 2135 523 2204 in
544 2137 680 2218 locem,
712 2145 905 2228 postquam
932 2155 1061 2202 conve-

101 2237 210 2305 niente
222 2237 301 2306 coeli
310 2239 443 2310 actione
462 2238 649 2308 maturuit.

179 2339 304 2410 Natura
322 2342 436 2426 enim,
463 2353 655 2434 postquam
670 2340 794 2408 foetus·
804 2338 982 2430 perfectus
997 2349 1061 2420 cst,

87 2455 192 2512 movet
213 2467 308 2528 eum,
342 2457 383 2514 ut
400 2455 502 2514 exeat
518 2467 559 2512 ex
575 2456 699 2525 utero,
732 2439 797 2510 tali
817 2442 939 2532 positu
958 2441 1061 2522 coeli,

90 2545 141 2640 qui
157 2551 340 2640 respondet
359 2547 415 2616 illi
439 2545 707 2629 constitutioni,
750 2567 842 2637 quae
868 2545 936 2613 luit
955 2543 1061 2612 initio

87 2663 263 2742 conceptus.
313 2648 443 2744 Itaque
460 2649 550 2718 coeli
564 2649 703 2741 positas
718 2647 757 2716 in
774 2659 901 2738 partu,
930 2648 1061 2716 merito

84 2753 322 2824 existimabitur
346 2753 435 2824 talia
458 2752 673 2844 significare:
717 2773 794 2820 non
825 2750 908 2843 quia
934 2749 1063 2820 efficiat

81 2857 169 2926 telem
184 2871 378 2940 naturam,
404 2856 467 2928 sed
482 2856 566 2950 quia
588 2851 795 2925 necessitate
818 2855 975 2947 quadam
998 2877 1063 2924 na-

79 2961 169 3028 turali
184 2960 374 3054 congruit,
400 2972 437 3028 et
450 2957 603 3028 similem
617 2957 693 3026 vim
713 2951 833 3026 hahet.
1052 2959 1055 2966 '

165 3064 251 3134 Cum
270 3063 387 3156 igitur
400 3061 617 3131 instituerim
634 3073 669 3130 et
690 3055 784 3129 hanc
805 3070 945 3150 partem
967 3084 1063 3132 com-

80 3165 199 3256 pendio
226 3167 435 3249 absolvere,
480 3165 578 3235 iuxta
608 3187 690 3234 eum
721 3161 907 3245 ordinem,
955 3185 1063 3257 quem

79 3261 230 3341 bactrum
246 3281 394 3340 secutus
409 3293 509 3352 sum,
537 3279 712 3362 quantum
730 3265 928 3358 praedictio
950 3267 1064 3356 possi-

77 3369 146 3442 hilis
158 3385 227 3456 est,
253 3370 518 3444 declinabimus
534 3383 690 3442 veterem
707 3370 876 3454 modum,
906 3368 968 3462 qui
981 3369 1063 3439 stel-

76 3471 178 3544 lamm
193 3475 372 3545 mixturas
388 3473 518 3558 tradit,
550 3499 630 3545 cum
654 3497 694 3544 ea
717 3474 811 3542 ratio
836 3474 1064 3558 confusanea,

77 3589 105 3644 et
118 3580 379 3670 propemodum
396 3577 535 3646 infinita
552 3578 618 3662 sit,
644 3577 672 3647 si
699 3575 779 3670 quis
801 3577 959 3668 singulas
983 3599 1064 3646 cra-

75 3681 193 3764 minet,
220 3693 258 3750 et
275 3679 392 3770 magis
404 3683 450 3748 ad
477 3681 700 3750 coniecturas
722 3680 959 3770 singularium
983 3705 1065 3772 per·

75 3781 197 3866 tineat,
222 3807 334 3878 quam
352 3783 399 3852 ad
415 3797 604 3876 praecepta
620 3783 850 3854 universalia.
893 3783 983 3852 Cum
999 3785 1065 3876 igi-

74 3897 128 3953 tur
146 3887 206 3953 illa
229 3884 420 3978 inquisitio
450 3911 564 3978 paene
593 3887 732 3954 infinita
761 3885 807 3955 sit
839 3899 874 3955 et
897 3887 1064 3972 difficilis,

75 3989 266 4056 omittenda
282 3987 362 4057 erit.
413 3989 482 4058 Sed
499 3991 638 4059 tradam
661 3999 849 4082 praecepta
872 3992 1065 4081 generalia,

75 4111 118 4158 ex
153 4087 278 4183 quibus
310 4091 538 4163 coniecturae
572 4096 615 4162 de
650 4091 798 4183 singulis
831 4095 925 4163 sumi
964 4101 1065 4187 p'ote-

71 4203 172 4273 ront;
213 4205 248 4262 et
274 4217 451 4286 exponam
481 4190 674 4266 effectrices
708 4193 897 4290 qualitates
929 4199 1066 4289 praeci-

73 4319 174 4386 puas,
209 4311 386 4392 qnantum
410 4311 557 4391 potero,
596 4282 883 4368 accommodatas
907 4303 951 4369 ad
975 4297 1066 4396 phy·

72 4399 174 4469 sicam
202 4401 396 4472 rationem.
462 4399 513 4486 Et
535 4401 625 4472 coeli
648 4403 787 4484 locum,
828 4403 926 4472 iuxta
957 4429 1064 4498 quern

74 4497 218 4572 hnmani
234 4517 386 4576 eventus
408 4506 701 4588 considerantur,
734 4517 907 4598 tanquam
929 4520 1064 4577 metam

71 4629 283 4699 proponam,
301 4609 348 4676 ad
365 4633 473 4704 quam
492 4608 694 4699 dirigantur
709 4604 898 4703 qualitates
914 4609 1066 4680 effectri-

70 4733 142 4792 ces,
178 4733 220 4780 ac
242 4712 436 4804 praecipue
458 4713 556 4784 iurta
583 4710 834 4802 cognationem
858 4735 1066 4804 corporum,

70 4815 163 4884 selut
179 4816 343 4906 sagittae.

169 4916 362 4988 Caeterum
380 4916 467 5012 quid
482 4915 714 4988 iudicandam
737 4915 802 4997 sit,
828 4939 908 4986 cum
935 4917 1065 4987 multa·

69 5039 147 5086 runi
163 5021 350 5092 stellarum
369 5022 494 5090 lumen
509 5021 694 5103 miscetur,
720 5019 964 5113 relinquemus
979 5045 1065 5112 prn-

67 5121 208 5194 dentiae
223 5123 390 5208 artificis,
416 5137 589 5217 tanquam
604 5121 711 5214 periti
726 5121 912 5214 sagittarii.

168 5227 335 5298 Primum
354 5239 473 5296 autem
491 5229 536 5296 de
549 5225 830 5305 universalibus,
864 5251 956 5321 quae
979 5249 1064 5296 con·

68 5327 258 5402 sideranda
279 5343 366 5400 sunt
389 5328 428 5397 iu
449 5343 574 5421 partu,
612 5328 728 5398 dicam
754 5329 982 5399 convenienti
1005 5354 1063 5398 or-

68 5431 170 5518 dine,
197 5457 277 5505 cum
293 5432 442 5528 quidem
458 5457 499 5502 ex
513 5444 621 5526 partu
645 5432 810 5523 cognosci
834 5432 956 5502 omnia
980 5455 1062 5526 pos·

1387 867 1443 934 De
1462 863 1576 954 produ
1601 863 1824 931 ascendentis.

1212 997 1302 1069 Cum
1336 1010 1455 1068 autem
1486 1021 1591 1090 saepe
1630 995 1815 1066 dubitetur
1846 997 1891 1066 de
1923 999 2041 1090 prima
2074 1011 2109 1070 et

1110 1101 1301 1194 praecipua
1318 1114 1442 1192 parte,
1468 1099 1634 1169 videlicet
1649 1101 1693 1168 de
1708 1095 1820 1184 hora,
1840 1123 1910 1196 qua
1927 1103 2043 1174 foetus
2066 1127 2109 1173 ex

1110 1216 1214 1276 utero
1233 1227 1393 1296 egressus
1409 1215 1462 1273 est
1479 1201 1581 1296 (nam
1597 1203 1707 1274 solius
1726 1203 1913 1274 astrolabii
1934 1205 2109 1299 inspectio

1109 1319 1229 1400 potest
1243 1299 1423 1376 minutum
1440 1299 1553 1374 horae
1578 1307 1805 1403 ostendere),
1838 1308 1976 1404 reliqua
2001 1305 2110 1379 hora-

1110 1435 1191 1479 rum
1215 1409 1472 1502 signandarum
1506 1409 1765 1492 instrumenta,
1804 1412 1933 1504 quibus
1961 1411 2111 1506 plurimi

1109 1524 1282 1596 utuntur,
1306 1535 1411 1604 saepe
1428 1511 1569 1581 fallunt.
1620 1511 1714 1583 Nam
1731 1511 1871 1582 Solaria
1887 1529 2028 1602 errant,
2053 1515 2112 1586 vel

1111 1614 1194 1710 quia
1211 1637 1286 1684 non
1304 1627 1386 1684 sunt
1403 1614 1471 1684 rite
1488 1613 1625 1706 posita,
1651 1613 1708 1682 vel
1721 1613 1804 1708 quia
1820 1639 2018 1706 gnomones
2034 1644 2111 1690 non

1111 1730 1205 1787 recte
1223 1719 1268 1786 ad
1284 1717 1520 1786 meridianam
1539 1715 1672 1786 lincam
1690 1719 1882 1810 quadrant.
1932 1723 2110 1816 Aquatica

1112 1843 1197 1890 vero
1214 1832 1477 1896 nonconstant
1497 1818 1584 1905 sibi,
1618 1833 1767 1912 propter
1790 1821 1977 1896 dissimiles
2001 1850 2112 1922 aqua·

1112 1947 1194 1994 rum
1216 1935 1383 1994 naturas.
1435 1921 1562 2016 anue
1585 1923 1838 1996 dissimilitudo
1864 1929 1982 1998 varias
2003 1924 2112 1998 habet

1112 2049 1245 2096 causas.
1299 2023 1483 2094 lnterdum
1500 2025 1608 2093 etiam
1626 2050 1709 2096 casu
1733 2023 1945 2102 cohibentur
1969 2043 2004 2101 et
2026 2031 2112 2102 resi·
2188 2088 2191 2094 Δ

1112 2141 1221 2200 stunt.
1273 2127 1423 2198 Necesse
1440 2139 1492 2197 est
1508 2125 1618 2218 igitur
1633 2129 1728 2198 tradi
1744 2133 1943 2219 rationem,
1971 2161 2040 2230 qua
2058 2135 2115 2204 in-

1113 2229 1230 2301 veniri
1246 2231 1375 2301 debeat
1389 2231 1521 2322 gradus
1536 2234 1729 2303 ascendens
1739 2233 1900 2322 Zodiaci,
1915 2241 2113 2312 secundum

1112 2329 1298 2430 physicam
1316 2347 1352 2404 et
1368 2346 1647 2404 consentaneam
1663 2335 1855 2410 rationem.

1214 2437 1338 2506 Posita
1374 2437 1484 2528 igitur
1514 2431 1604 2506 hora
1635 2439 1822 2526 natalicia,
1870 2443 2018 2515 inventa
2048 2467 2114 2536 per

1114 2540 1360 2623 ascensiones,
1388 2540 1542 2631 adiunge
1565 2539 1857 2612 coniunctionem
1882 2559 1944 2616 aut
1968 2547 2113 2638 opposi-

1114 2644 1250 2714 tionem
1283 2641 1448 2736 proxime
1482 2643 1767 2734 praecedentem.
1843 2645 1891 2718 Et
1925 2649 2114 2742 diligenter

1115 2771 1248 2844 quaere
1265 2747 1417 2838 gradum
1435 2770 1498 2817 seu
1513 2744 1801 2835 conirmctionis,
1822 2775 1884 2822 seu
1907 2751 1945 2822 in
1970 2752 2115 2848 opposi-

1114 2853 1213 2921 tione
1229 2849 1304 2920 eius
1320 2849 1486 2934 luminis,
1514 2852 1613 2944 quod
1636 2875 1745 2946 supra
1769 2867 1902 2926 terram
1927 2870 1998 2942 est,
2034 2881 2115 2930 cum

1116 2956 1235 3025 editur
1255 2967 1392 3046 partus.
1451 2951 1592 3022 Deinde
1613 2955 1830 3044 videndum,
1864 2961 1944 3055 quis
1969 2961 2114 3053 planeta

1115 3047 1161 3129 sit
1183 3057 1391 3127 dominator
1412 3055 1508 3128 illius
1532 3059 1682 3149 gradus,
1716 3061 1813 3130 iuxta
1840 3087 1900 3133 eas
1922 3089 2116 3158 praeroga-

1115 3163 1226 3245 tivas,
1266 3183 1354 3255 quas
1385 3183 1495 3253 snpra
1524 3165 1905 3236 commemoravimus:
1951 3167 2118 3244 videlicet

1115 3265 1320 3356 trigonum,
1354 3263 1524 3348 domum,
1557 3263 1831 3353 exaltationem,
1866 3271 1974 3354 lines,
2001 3271 2117 3362 sulgo-

1114 3391 1191 3436 rem
1215 3377 1279 3436 aut
1301 3367 1645 3459 configurationem,
1679 3367 1748 3440 hoc
1769 3385 1840 3456 est,
1867 3376 2012 3468 quando
2036 3397 2117 3466 gra-

1115 3471 1182 3541 dus
1209 3469 1270 3538 ille
1300 3493 1410 3541 unam
1444 3473 1655 3570 autplures
1692 3478 1962 3568 praerogativas
1996 3474 2118 3564 habet,

1115 3585 1266 3668 propter
1284 3597 1373 3667 quas
1389 3573 1422 3644 ei
1436 3576 1684 3649 attribuendus
1699 3579 1745 3649 sit
1760 3581 1979 3652 dominator.
2024 3581 2114 3652 Cum

1115 3679 1226 3770 igitur
1258 3677 1441 3770 planetam
1477 3681 1633 3775 aliquem
1665 3684 1866 3776 reperimus
1898 3685 2115 3754 familiarem

1115 3781 1170 3850 illi
1186 3781 1334 3873 gradui,
1360 3797 1509 3877 propter
1529 3809 1640 3854 unam
1666 3799 1729 3857 aut
1750 3789 1871 3880 plures
1894 3787 2117 3880 praerogati-

1116 3909 1195 3956 vas:
1224 3885 1419 3956 videndum
1437 3901 1490 3958 est
1506 3887 1648 3974 deinde,
1671 3913 1776 3984 quem
1794 3893 1944 3983 gradum
1960 3891 2117 3962 tenuerit

1116 3989 1260 4082 planeta
1293 4001 1418 4080 partus
1445 4003 1626 4085 tempore;
1668 4007 1704 4062 et
1727 4007 1858 4088 quotus
1881 3995 2012 4086 gradus
2036 3995 2116 4078 erit,

1117 4089 1355 4164 iudicabimus
1372 4117 1497 4186 parem
1514 4099 1666 4187 gradum
1686 4097 1725 4166 in
1743 4111 1868 4170 exortu
1892 4097 2116 4170 ascendentis

1116 4195 1209 4288 signi
1227 4197 1430 4270 ascendere.
1481 4199 1546 4268 Sin
1563 4213 1681 4270 autem
1696 4203 1769 4271 dcco
1784 4203 1840 4270 vel
1863 4202 1984 4294 plures
2004 4200 2116 4294 parti·

1118 4299 1212 4391 cipes
1226 4299 1299 4370 sint
1314 4301 1593 4388 dominationis,
1625 4303 1683 4374 ille
1700 4303 1883 4397 eligendus
1901 4305 1988 4390 erit,
2015 4306 2115 4376 cuius

1118 4403 1248 4495 gradus
1263 4413 1426 4494 tempore
1441 4419 1566 4496 partus
1581 4408 1731 4501 propius
1758 4407 1943 4479 accesserit
1966 4409 2012 4478 ad
2035 4431 2115 4500 gra-

1118 4511 1203 4578 dum
1222 4505 1314 4595 signi
1327 4511 1568 4594 ascendentis,
1594 4513 1640 4578 ad
1657 4507 1764 4582 huius
1778 4513 1943 4604 planetae
1962 4515 2114 4603 gradum

1118 4611 1310 4690 ascendens
1327 4611 1615 4680 constituendum
1636 4613 1716 4684 erit.

1221 4712 1258 4782 si
1276 4735 1362 4780 vero
1377 4715 1449 4782 duo
1466 4727 1529 4783 aut
1547 4715 1667 4806 plures
1690 4717 1855 4809 planetae
1879 4715 1918 4784 in
1939 4709 2114 4808 haclpro·

1118 4815 1318 4908 pinquitate
1334 4839 1439 4906 pares
1458 4830 1582 4901 erunt,
1615 4819 1787 4910 eligemus
1809 4843 1910 4901 eum,
1945 4817 2007 4913 qui
2029 4841 2115 4910 pro·

1118 4931 1197 5010 pter
1211 4917 1372 4987 cardines
1387 4929 1422 4986 et
1439 4919 1681 4990 conditionem
1696 4922 1911 4992 familiarior
1924 4933 1976 4990 est
1992 4942 2114 4989 ascen·

1117 5021 1227 5090 denti.
1281 5018 1371 5088 Cum
1391 5033 1511 5090 auteur
1533 5023 1676 5114 longius
1699 5025 1835 5096 distant
1854 5007 1985 5115 gredu's
2006 5017 2114 5094 huius

1116 5121 1355 5193 dominatoris
1370 5125 1415 5192 ab
1433 5120 1656 5218 horoscopo,
1689 5153 1798 5222 quam
1824 5153 1842 5194 a
1867 5125 1987 5196 medio
2011 5125 2114 5208 coeli,

1116 5238 1259 5296 utemur
1288 5249 1331 5294 eo
1361 5251 1515 5298 numero
1544 5232 1588 5298 ad
1624 5231 1912 5301 constituendum
1953 5227 2113 5298 medium

1115 5329 1217 5400 coeli.
1269 5329 1347 5400 lloc
1370 5331 1587 5416 constituto,
1624 5347 1660 5403 et
1678 5336 1836 5429 reliquos
1853 5331 2015 5402 cardines
2035 5355 2114 5400 rarr-

1115 5433 1280 5502 labimus.
