4748 6108
82 241 134 316 aar
457 225 1057 358 cxvii-'innnananrand
1077 243 1386 318 maculanti
1408 241 1661 322 annianus
2008 247 2085 340 οὓς

24 486 28 501 ,
114 397 796 517 tortamlovisrettqnii·nsn1maai¹⁸)t
894 429 901 440 '
1081 420 1157 494 660
1198 419 1299 516 Fecit
1324 401 1515 513 spectrum⁴
1533 421 1571 489 in
1595 423 1698 510 ania,
1731 408 1788 498 'ad
1810 431 1909 524 quod
1932 435 2083 509 tendens

22 513 23 524 ’
77 515 483 590 iiOEvertiteadsolum
500 523 691 594 tremulam
709 526 872 609 domum,
1126 611 1130 620 δ
1287 533 1292 541 ’
1502 519 1687 600 Pentheus
1827 539 1850 565 '·

109 618 266 706 Evertite,
288 621 552 704 oMaenadesa
644 656 649 667 ·
955 659 958 668 ⁴
1089 663 1107 678 ν
1126 625 1311 715 salubre,
1328 637 1365 700 et
1380 631 1587 722 pugnabat,
1607 645 1790 725 spectrum
1807 656 1874 732 pro
1893 647 1952 710 ine
1969 641 2082 713 inter-

107 721 169 792 lier
182 724 270 796 enim
288 727 454 811 accedit,
466 749 606 798 sursum
624 732 799 802 deorsum·
810 753 950 823 ponms
1501 735 1672 809 lecturus.

21 879 22 906 ,
107 825 193 898 Hanc
206 829 369 912 domum,
389 827 572 916 Bacchus,
593 830 687 904 lovis
702 833 807 906 iilius.
1129 835 1279 928 Gaetera
1296 833 1459 910 Bacdtus
1475 837 1593 931 ipsum
1610 840 1734 930 laedit,

20 1069 22 1130 4
69 991 269 1095 [bouchem
307 969 492 1090 liberos,
521 1002 1027 1104 Pestteus‚.ivuattee.]
1130 939 2081 1152 331ῗὲῗᾷἶῖἷῗέὲῗᾶᾚῑᾞὲῃὶἒἶοζξὲἶὶςῃξὲἔξῑ

20 1139 22 1222 l
102 1140 170 1209 lios.
195 1122 590 1226 Barbaraemnlieres,
613 1144 752 1214 adeone
774 1155 1026 1216 consternatae
1090 1186 1111 1196 ··
1495 1151 1598 1220 tione

444 1256 558 1329 metu,
1080 1248 1157 1324 666
1173 1250 1353 1344 Amittens
1370 1253 1529 1345 gladium
1545 1255 1763 1348 languescit3
1780 1263 2079 1338 adversus-Deam

68 1339 181 1416 006Αά
195 1346 310 1419 solum
327 1346 527 1418 cecidistis?
544 1348 690 1439 gesisse
705 1351 800 1436 estis,
814 1363 856 1424 ut
870 1350 1026 1436 videtur,
1361 1391 1368 1404 ·
1498 1357 1595 1428 enim

439 1443 599 1552 Baccho·
638 1473 654 1500 ¹·
1130 1455 1172 1528 lu
1198 1483 1360 1554 pugnam
1387 1461 1512 1532 venire
1546 1485 1653 1532 ausus
1680 1475 1769 1534 erat.
1836 1463 1915 1558 Ego
1938 1469 2079 1562 placide

100 1549 316 1626 concutiente
330 1557 481 1626 domum
497 1550 763 1656 Pentheitsed
776 1557 891 1633 tollite
1021 1586 1025 1608 ·
1495 1561 1657 1637 liacchas
1673 1568 1809 1640 ducens
1824 1593 1844 1638 e

20 1649 21 1716 Ῐ
99 1653 230 1750 Corpus,
245 1661 502 1732 etcouilrmate
511 1661 689 1746 membra,
705 1661 839 1734 omisso
856 1675 1025 1731 tremore.
1129 1664 1272 1752 Domo,
1293 1667 1401 1760 venio
1418 1669 1566 1754 advos,
1589 1665 1792 1741 Pentheum
1812 1694 1887 1742 non
1903 1697 2044 1750 curans.

99 1761 178 1834 tion
215 1762 261 1835 «Ο
304 1764 429 1854 lumen
470 1762 576 1836 nobis
618 1765 817 1856 maximum
856 1760 1025 1836 Bacchici
1129 1768 1198 1855 Et,
1220 1781 1262 1840 ut
1278 1766 1371 1840 mihi
1384 1770 1547 1856 videtur,
1574 1773 1706 1866 strepit
1720 1777 1818 1845 solea
1833 1776 1872 1846 in
1889 1779 2019 1850 domo:
2060 1778 2063 1789 ⁴

439 1867 588 1951 furoris,
859 1902 863 1910 ·
1131 1871 1213 1944 Cito
1240 1874 1280 1942 in
1302 1875 1519 1946 vestibulum
1535 1875 1667 1948 veniet.
1721 1877 1906 1972 Quidnam
1926 1895 2078 1976 propter
2133 1883 2136 1901 '

99 1965 134 2038 Ut
151 1969 263 2044 libens
287 1981 324 2042 tc
347 1970 443 2056 vidi,
474 1995 556 2040 cum
578 1971 679 2062 prius
706 1966 877 2042 haberem
891 1971 1025 2043 'soiitu-
1495 1977 1563 2048 ista
1577 1977 1699 2050 dicet?

175 2073 190 2088 “
343 2163 347 2172 Ι
449 2074 584 2145 dinan
852 2102 857 2111 ’
1079 2075 1156 2150 640
1186 2077 1379 2150 sustinebo
1402 2104 1486 2153 eum
1509 2082 1606 2152 facili
1627 2083 1773 2168 animo,
1808 2086 1948 2160 etiamsi
1971 2089 2077 2160 valde

75 2167 118 2242 tlt
139 2179 218 2251 Bae.
250 2179 445 2250 Veneratis
468 2178 506 2246 in
529 2177 848 2271 desperationem,
878 2174 1026 2274 quando
1217 2219 1221 2231 ·
1495 2185 1609 2268 iratus
1626 2187 1777 2258 venerit.
1967 2182 1970 2192 ’

324 2295 329 2305 ·
364 2273 370 2284 “
440 2283 612 2353 mittebar
913 2345 919 2358 ,
1102 2328 1153 2370 r„
1162 2283 1343 2379 Sapientis
1365 2287 1462 2357 enim
1482 2287 1553 2358 viri
1576 2302 1648 2374 est,
1671 2305 1835 2362 exercet-e
1851 2298 2076 2370 moderatam

96 2375 267 2480 Tanquam
287 2409 435 2458 casurus
448 2386 488 2454 in
500 2399 626 2457 atrum
643 2409 821 2456 carcerem
838 2379 1004 2458 Penthei.
1492 2392 1733 2467 iracundiam.

96 2485 176 2561 dior.
204 2491 412 2588 Quomodq
429 2487 553 2560 enim?
576 2513 687 2560 nemo
709 2487 801 2560 mihi
824 2493 897 2563 dux
923 2501 1026 2573 esset,
1094 2555 1098 2564 ,
1131 2495 1216 2562 Pen.
1240 2489 1387 2562 Atrocia
1403 2497 1544 2586 patior;
1569 2498 1695 2589 effugit
1708 2494 1852 2591 hospes,

440 2594 470 2665 si
484 2591 550 2664 tibi
567 2593 705 2690 aliquid
720 2595 808 2671 mali
824 2595 1012 2667 accideret.
1131 2595 1204 2689 Qui
1218 2597 1330 2666 modo
1344 2596 1499 2671 maculis
1516 2613 1594 2670 erat
1607 2603 1833 2672 constrictus.

20 2651 22 2786 i
94 2687 150 2762 Sed
174 2698 362 2793 quomodo
383 2698 557 2770 liberatus
582 2723 639 2783 es,
666 2699 704 2769 in
728 2700 848 2771 virum
872 2698 1025 2793 impium
1129 2699 1197 2770 Eia
1217 2695 1281 2770 'hic
1304 2713 1358 2772 est
1378 2703 1447 2775 vir.
1499 2703 1599 2796 Quid
1623 2698 1694 2773 hoc
1709 2704 1762 2774 rei
1786 2705 1868 2776 est?
1892 2707 2078 2804 quomodo

447 2801 637 2874 incidens?
774 2833 779 2848 ·
900 2834 904 2846 ·
1497 2819 1581 2877 ante
1599 2807 1818 2880 vestibulum

91 2899 161 2972 Bae.
179 2901 257 2999 lpse
274 2932 335 2976 me
349 2907 466 3002 ipsum
483 2907 635 2977 liberavi
651 2907 754 2976 facile
769 2909 847 2978 sine
861 2909 999 2981 labore.
1060 2895 1063 2907 ’
1080 2905 1156 2981 646
1179 2907 1410 3002 conspiceris
1425 2929 1585 3001 egressus
1598 2933 1717 2982 meam
1734 2909 1911 2982 domum?

57 2992 111 3070 515
130 3007 223 3081 otor.
248 3012 335 3084 Non
353 3009 479 3103 ligavit
494 3023 592 3082 tuam
610 3034 759 3081 manum
780 3007 818 3080 i'n'
835 3011 1013 3108 vinculis?
1130 3015 1214 3083 Bao.
1239 3011 1332 3083 Siste
1347 3013 1489 3106 pedem,
1506 3028 1542 3082 et
1556 3015 1718 3108 quietum
1734 3015 1863 3107 pedem
1878 3015 1955 3084 irae
1971 3038 2079 3106 pone.

90 3107 162 3184 Boc.
200 3111 241 3184 ln
262 3112 321 3187 his
343 3115 452 3184 etiam
476 3113 564 3185 elusi
589 3137 692 3199 eom,
718 3116 802 3210 quita
828 3116 941 3208 ligare
966 3143 1024 3188 me
1130 3117 1216 3186 Pen.
1242 3114 1351 3184 Unde
1369 3127 1409 3186 tu
1425 3116 1579 3188 excussis
1595 3117 1747 3188 vinculis
1763 3141 1925 3211 egressus
1939 3117 2017 3190 esi·

443 3229 587 3312 putans,
1128 3223 1215 3291 Bac.
1237 3215 1370 3290 Nonne
1396 3217 1497 3290 dixi?
1519 3240 1643 3290 noune
1662 3222 1858 3309 audivisti,
1873 3225 1973 3318 qnod
1990 3233 2081 3296 esset

20 3369 22 3426 p
90 3307 202 3412 Neque
224 3319 365 3414 attigit,
390 3343 507 3418 neque
527 3321 652 3393 nexuit
666 3345 753 3409 nos,
775 3323 836 3394 sed
855 3323 1024 3416 pasceba-
1495 3325 1679 3396 soluturus
1692 3343 1752 3396 me
1769 3323 1929 3421 aliquis?

20 3437 21 3512 ζ
444 3439 505 3499 tur
519 3427 621 3496 inani
636 3448 709 3518 spe.
1059 3444 1062 3452 ’
1129 3433 1215 3500 Pcn.
1239 3423 1369 3522 Quis?
1406 3443 1550 3520 semper
1579 3429 1675 3498 enim
1708 3431 1827 3502 adiens
1855 3453 1972 3502 novos
2007 3453 2080 3500 ser·

20 3531 21 3608 3
89 3513 267 3601 inveniens
294 3539 438 3600 taurum
467 3531 513 3600 ad
540 3531 753 3624 praesepia,
795 3529 857 3601 nbi
882 3530 1024 3603 conciu-
1482 3555 1622 3604 mones.

20 3621 21 3630 ἵ
444 3633 490 3704 sit
504 3657 584 3720 nos,
1078 3631 1155 3708 660
1169 3637 1255 3708 nae.
1278 3631 1353 3729 Qui
1369 3632 1484 3727 gignit
1497 3636 1712 3708 foecundam
1730 3635 1841 3706 vitem
1858 3632 2081 3708 hominibus.

89 3723 171 3802 Huic
185 3733 310 3810 iniecit
323 3739 473 3834 laqueos
489 3741 535 3810 ad
551 3763 666 3832 genua
688 3753 723 3809 et
740 3742 861 3835 pedes,
1128 3743 1214 3811 Pen.
1241 3737 1301 3808 An
1318 3736 1447 3810 tribuis
1462 3732 1533 3810 hoc
1549 3751 1692 3812 tantum
1710 3741 1849 3812 bonum
1864 3737 2036 3812 Baccho?

56 3818 109 3900 ⁶20
135 3831 364 3914 iracundiam
390 3843 550 3938 spirans,
581 3855 617 3914 et
639 3846 806 3916 sudorem
833 3867 1023 3938 acorpore
1129 3845 1216 3916 Bne.
1238 3842 1416 3914 Claudere
1431 3842 1539 3916 iubeo
1556 3867 1682 3917 omnes
1701 3855 1819 3916 tunes
1836 3844 2081 3918 circumcirca.

106 4003 114 4016 ,
443 3947 594 4035 stillans,
1129 3953 1214 4020 Pon.
1237 3946 1296 4017 An
1313 3972 1390 4018 non
1404 3950 1667 4021 transcendunt
1680 3974 1806 4021 muros
1821 3947 1909 4018 Dii?

86 4035 206 4121 Labris
222 4053 314 4122 dans
329 4051 472 4133 dentes;
498 4075 563 4144 ego
579 4077 694 4147 prope
1129 4055 1214 4126 Bac.
1245 4050 1397 4144 Sapiens
1420 4054 1508 4126 satis
1530 4077 1588 4138 es,
1615 4065 1872 4148 praeterquam
1894 4051 1934 4120 in
1957 4051 2020 4134 iis,
2040 4049 2081 4118 in

86 4143 231 4238 Quietus
249 4158 376 4226 sedens
394 4157 552 4250 adspexi.
602 4153 741 4226 interea
758 4155 933 4249 temporis
1496 4157 1627 4251 quibus
1645 4160 1838 4250 oportebat
1853 4177 1993 4248 sapere.

88 4247 270 4332 Concussit
284 4256 602 4333 veniensBacchus
617 4264 780 4345 domum,
796 4271 831 4329 et
846 4261 885 4330 in
899 4259 1026 4332 matris
1079 4257 1156 4335 666
1195 4265 1281 4334 Pen.
1320 4255 1363 4329 ln
1397 4259 1529 4355 quibus
1562 4259 1720 4330 maxime
1756 4281 1848 4352 opus
1885 4271 1961 4342 est,
1998 4279 2079 4328 sum

458 4365 623 4458 sepulcro
1503 4361 1659 4458 sapiens.

87 4453 203 4554 iguem
228 4469 428 4552 succendit;
451 4465 510 4540 hic
533 4493 640 4553 vero,
670 4478 712 4538 nt
736 4463 847 4550 vidit,
875 4467 1024 4538 domum
1129 4471 1212 4542 liae.
1259 4464 1364 4539 istius
1394 4489 1483 4538 vero
1516 4491 1701 4539 sermones
1733 4464 1885 4538 audiens
1917 4461 2080 4558 primum

450 4575 575 4644 ardere
596 4583 739 4666 putans,
992 4651 997 4668 .
1494 4571 1603 4658 disce,

49 4655 109 4738 625
130 4673 272 4751 saltans
288 4673 359 4750 buc
377 4689 412 4746 et
428 4675 532 4762 illuc,
552 4675 698 4748 famulis
714 4697 845 4770 aquam
861 4673 956 4744 ferre
1130 4675 1205 4770 Qui
1222 4697 1265 4745 ex
1279 4687 1405 4745 monte
1422 4676 1523 4747 adest
1540 4673 1679 4771 aliquid
1693 4673 1928 4746 nuntiaturus
1941 4670 2028 4754 tibi;

87 4767 201 4861 iubet;
219 4807 345 4854 omnes
362 4795 466 4851 eram
482 4781 646 4874 occupati
659 4781 791 4851 frustra
807 4779 1025 4850 laborantes.
1129 4779 1205 4851 Nos
1221 4801 1310 4850 vero
1326 4774 1386 4848 hic
1400 4779 1648 4864 manebimus,
1672 4801 1741 4850 nec
1757 4779 1949 4872 fugiemus.

86 4875 262 4958 Omittens
291 4911 378 4958 vero
411 4881 508 4957 hunc
535 4887 721 4969 laborem,
763 4895 937 4980 tanquam
968 4907 1025 4954 me
1128 4885 1225 4955 Nun.
1268 4879 1452 4969 Pentheu,
1489 4885 1692 4977 imperator*
1730 4877 1839 4956 huius
1881 4875 2079 4952 Thebanae

443 4989 495 5060 eia
525 5015 565 5063 so
1488 4999 1620 5074 terrae,

20 5095 21 5098 ’
86 5079 212 5162 Fertur
228 5093 388 5185 gladium
402 5016 523 5164 aaroni
539 5091 683 5186 capiens
698 5091 794 5164 intra
811 5093 973 5166 domum·
1079 5091 1155 5164 660
1168 5089 1287 5162 Venio
1303 5091 1512 5188 relinquens
1528 5089 1799 5174 Cithaeronem,
1810 5087 1874 5160 nbi
1888 5107 2077 5181 nunquam

88 5181 224 5266 Deinde
235 5197 406 5270 bromius
422 5195 540 5289 (dico,
555 5209 597 5268 ut
611 5191 702 5264 mihi
715 5197 832 5268 visum
852 5195 922 5292 est)
1128 5191 1351 5290 Liquescunt
1364 5197 1457 5268 sacri
1471 5197 1606 5268 cumuli
1622 5195 1798 5266 candidae
1814 5191 1920 5264 nivis.

49 5315 235 5350 x„
1085 5347 1089 5358 «
1128 5302 1214 5371 Pes.
1242 5299 1340 5393 Quid
1359 5323 1446 5370 vero
1464 5300 1670 5370 nuntiatum
1693 5295 1848 5369 venisti?

76 5381 719 5532 ”buiff'a'uzn:umaffhi'sshh'sssm
726 5395 1024 5528 sqqqiquffimffi.
1127 5407 1222 5475 Nun.
1239 5399 1332 5496 Ego,
1347 5405 1410 5500 qui
1427 5403 1596 5580 conspehxi
1612 5397 1774 5474 Bacchas
1792 5401 1964 5481 furentes,
1984 5415 2078 5492 qnae

108 5527 225 5586 detorta
243 5530 375 5604 fulgurei
1492 5531 1535 5579 ex
1575 5533 1615 5582 ac
1632 5523 1728 5580 iem
