4780 6102
63 258 140 334 ess
484 253 572 328 ext
626 253 1024 333 nramaurnrro
1050 221 1418 334 nunnonraonas
1443 251 1694 326 erramus.
2033 255 2109 330 ooo

63 429 139 504 595
166 431 285 524 Quam
301 426 486 502 horribilia
503 429 643 524 patior,
667 431 755 527 qnid
774 429 862 502 r'nssti
878 437 969 526 opus
986 449 1062 506 erat
1164 433 1234 502 Sed
1250 431 1297 500 de
1311 431 1512 523 istoaepnero
1530 427 1696 496 montilio
1718 427 1910 515 indicabit,

254 597 260 614 ,
301 571 305 581 ·
345 567 351 602 =
387 555 390 567 '
481 539 628 626 purete,
743 596 746 602 -
983 575 987 582 ·
1164 537 1220 604 An
1237 533 1324 605 velit
1340 557 1421 604 eum
1437 531 1655 613 interlicere,
1681 555 1727 598 an
1749 555 1836 601 non.

110 637 160 708 Et
175 639 309 708 addere
319 637 454 730 duplex
471 661 563 709 onus
575 639 626 706 ‚ad
639 633 709 708 hoc
725 639 840 710 nnus?
1163 639 1233 710 Sed
1248 639 1338 708 vade
1355 637 1394 707 in
1409 633 1503 707 hane
1519 635 1687 718 domum,
1713 646 1753 704 ut
1768 633 1902 705 liberos

112 741 184 812 Sed
201 741 288 836 quid
304 753 453 834 propter
469 736 557 810 haec
571 741 697 823 doleo,
724 753 760 810 et
776 742 976 833 praesentia
1114 740 1189 815 435
1214 741 1339 814 Discas
1361 764 1436 812 non
1461 740 1602 810 allicere
1625 737 1875 822 contumelia,'
1898 759 1999 808 serva
2036 737 2108 806 exi-

112 845 213 916 Mala
228 865 304 914 non
318 857 459 916 scrutor
475 867 592 939 neque
604 842 818 916 considero?
1453 923 1457 930 ,
1529 853 1636 912 stens.

112 949 219 1042 Quae
233 971 356 1022 necem
364 946 532 1018 ¹Hectoris
548 946 681 1040 raptati
698 953 807 1018 curro
1164 953 1277 1022 Andr.
1303 945 1383 1018 Heu
1396 941 1506 1032 mihi,
1531 945 1615 1014 dolo
1633 969 1690 1015 me
1707 943 1897 1038 decepisti,
1928 967 2051 1016 sumus
2073 941 2111 1010 in

60 1052 141 1124 400
166 1049 271 1136 vidi,
291 1064 332 1122 et
343 1052 476 1124 misere
488 1049 749 1120 inflammatum
764 1047 891 1132 llinm,
1527 1049 1691 1118 fraudem
1707 1048 1886 1122 inductae.
1952 1067 1954 1073 ’

110 1151 165 1226 Et
180 1153 257 1248 ipsa
273 1154 325 1226 fui
339 1179 440 1228 serva
460 1155 505 1224 ad
522 1177 632 1228 naves
646 1153 863 1244 Argivorum
873 1151 923 1246 ω)
1164 1159 1261 1228 Men.
1286 1153 1460 1224 Praedica
1474 1147 1544 1222 hoc
1563 1149 1748 1233 omnibus;
1772 1151 1957 1222 nonenim
1975 1173 2081 1240 nego.

112 1257 256 1350 Capillo
270 1269 400 1342 tracta;
428 1267 619 1352 postquam
638 1257 721 1328 reni
1164 1263 1278 1330 Andr.
1303 1260 1362 1330 An
1375 1269 1459 1330 sunt
1472 1251 1560 1326 haec
1573 1257 1668 1347 apud
1687 1281 1768 1337 vos,
1792 1253 1856 1349 qui
1874 1257 1919 1324 ad
1935 1251 2111 1322 Eurotam

110 1354 349 1446 lnPhthiam,
375 1387 453 1434 sum
471 1354 1062 1456 coniunxintersectorisHectoris.
1530 1354 1719 1444 habitatis,
1745 1355 1867 1428 recta?

61 1461 141 1537 405
166 1463 264 1557 Quid
277 1460 499 1558 mlhlPOleSl
513 1485 587 1534 0880
605 1459 713 1534 suave
730 1461 875 1532 Vivere?
911 1463 955 1530 ad
975 1459 1060 1554 quill
1165 1465 1262 1536 Men,
1289 1459 1408 1534 Etiam
1424 1463 1463 1533 lss
1477 1461 1592 1533 Troia
1606 1467 1753 1533 rectum'
1767 1472 1820 1533 est
1839 1461 1954 1531 laesos
1977 1481 2013 1529 se
2035 1457 2114 1524 vin.

475 1577 621 1659 oportet
637 1564 839 1657 respicere?
1524 1565 1656 1637 dicare.

110 1671 172 1740 An
188 1681 412 1762 praesentem
429 1669 634 1753 fortunam,
662 1666 981 1760 au'praereritamt
1115 1666 1190 1740 440
1216 1672 1330 1740 Andr.
1356 1668 1404 1740 Et
1419 1667 1515 1739 Deos
1530 1692 1605 1738 nou
1621 1665 1717 1740 Deos
1741 1681 1863 1760 putas,
1896 1687 2013 1759 neque
2038 1657 2112 1734 esse

113 1772 221 1844 Unus
236 1770 301 1844 iste
315 1771 408 1844 lilius
423 1785 501 1842 crat
516 1769 607 1842 mihi
620 1771 792 1866 reliquus,
811 1771 934 1840 oculus
951 1771 1061 1838 vitae:
1525 1770 1748 1840 vindictam?

115 1876 223 1946 Hunc
237 1885 321 1946 sunt
338 1874 577 1961 interfecturi,
603 1875 734 1971 quibus
748 1875 810 1942 illa
827 1873 978 1965 placent.
1163 1877 1263 1949 Men.
1290 1873 1448 1970 Quando
1464 1873 1522 1943 illa
1548 1887 1673 1959 erunt,
1706 1887 1790 1945 tunc
1809 1875 1983 1950 letemuss
2015 1891 2114 1938 nunc

114 1979 201 2051 Non
217 1990 365 2070 propter
380 2003 496 2048 meam
514 1979 681 2050 miseram
701 1977 830 2046 vitam:
1533 1989 1569 2046 te
1584 1978 1807 2051 interficiam.

68 2083 143 2155 tto
166 2079 209 2151 ln
226 2077 295 2152 hoc
311 2093 363 2152 est
374 2105 475 2175 spes,
500 2081 717 2153 siservatur.
746 2153 751 2160 ,
1164 2086 1275 2155 Andr.
1300 2079 1359 2151 An
1376 2093 1411 2150 et
1426 2079 1565 2173 pullum
1579 2075 1675 2150 hunc
1689 2081 1756 2152 suh
1771 2081 1837 2152 alis
1856 2073 2037 2150 avellens?
2058 2141 2061 2146 .

123 2181 211 2255 Mihi
228 2197 279 2256 est
293 2197 397 2278 turpe
412 2209 488 2256 non
501 2184 596 2258 mori
610 2209 677 2277 pro
692 2207 818 2277 puero.
1167 2189 1266 2260 Men.
1290 2185 1392 2270 Non,
1409 2186 1480 2256 sed
1496 2183 1589 2253 filiae
1603 2184 1719 2268 dabo,
1753 2184 1783 2256 si
1799 2183 1887 2254 velit
1901 2181 2112 2250 interlicere.

117 2285 209 2358 Ecce
227 2288 394 2384 relinquo
412 2312 533 2373 aram,
560 2312 625 2380 ego
643 2287 800 2357 obnoxia
1165 2293 1278 2362 Andr.
1305 2289 1385 2360 Heu
1400 2284 1506 2356 mihi!
1533 2289 1717 2381 quomodo
1733 2311 1874 2381 gemam
1890 2299 1944 2370 te,
1971 2279 2086 2354 ofili?

115 2393 174 2462 Ad
190 2395 438 2478 mactandum,
471 2395 518 2462 ad
542 2391 848 2472 interficiendum,
882 2389 927 2456 ad
950 2389 1063 2480 ligan-
1114 2390 1191 2464 445
1223 2395 1322 2466 Men.
1367 2391 1605 2486 Nequaquam
1642 2415 1723 2463 eum
1755 2403 1877 2461 manet
1908 2409 1988 2481 spes
2018 2387 2114 2456 fero·

439 2497 589 2577 ydum,
615 2497 661 2562 ad
680 2493 942 2567 decollandum.
1412 2557 1420 2567 ,
1524 2491 1707 2590 cienditt).

114 2597 151 2668 Ο
169 2597 240 2682 lili,
267 2621 333 2690 ego
351 2611 465 2668 mator
484 2611 565 2682 tua,
591 2610 690 2668 netu
706 2595 950 2678 interficiaris,
1164 2602 1279 2671 Andr.
1305 2593 1524 2670 Oomnibus
1540 2592 1748 2668 homiuibus
1764 2592 2002 2666 inimicissimi

67 2697 142 2778 415
170 2699 329 2782 Marion
354 2701 386 2774 si
399 2701 567 2794 ffiugefis
580 2701 713 2785 latum,
1166 2701 1315 2794 spartae
1333 2700 1490 2784 incolae,
1517 2699 1632 2773 dolosi
1651 2701 1891 2783 consultores,

115 2801 327 2876 Memineris
343 2803 486 2890 matris,
512 2803 632 2900 qualia
648 2803 826 2874 sustinens
843 2799 1031 2893 perierim,
1165 2805 1314 2878 Domini
1331 2803 1621 2888 mendaciorum,
1647 2817 1788 2876 suentes
1806 2803 1924 2888 mala,

117 2907 165 2977 Et
183 2909 226 2976 ad
242 2919 381 3000 patrem
397 2921 500 2978 tuum
515 2909 669 2990 radens,
684 2931 751 2998 per
767 2907 889 2976 oscula
1163 2904 1365 2993 Tortuosa,
1392 2919 1427 2977 ct
1442 2901 1533 2976 nihil
1550 2906 1650 2992 sani,
1677 2909 1739 2980 sed
1757 2909 1878 2978 omnin
1898 2901 2069 2976 insidiose

117 3009 263 3080 stillans
278 3007 481 3105 lachrymas
496 3023 532 3080 et
546 3011 764 3102 amplectens
779 3034 925 3090 marrus,
1115 3007 1190 3084 450
1215 3013 1434 3096 sentientes,
1461 3010 1591 3080 iniuste
1615 3011 1697 3084 estis
1719 3010 1894 3082 fortunati
1919 3029 1984 3106 per
1999 3005 2112 3075 Grac·

116 3113 256 3198 Dicito,
294 3115 413 3210 qualia
443 3113 600 3185 lecerirn.
667 3112 879 3197 „Omnibus
906 3107 1062 3180 homini·
1528 3113 1632 3186 ciam.

486 3217 552 3288 bus
569 3227 655 3286 sunt
955 3217 962 3224 ’
1164 3217 1262 3312 Quid
1275 3243 1350 3288 non
1365 3229 1418 3290 est
1433 3216 1472 3286 in
1487 3215 1613 3288 vobis?
1631 3243 1753 3290 nonne
1769 3217 1945 3312 plurimae
1962 3209 2109 3284 caedes?

59 3319 142 3393 4Ξο
169 3317 322 3404 „Liberi
337 3319 430 3392 vlla:
464 3319 576 3416 elqul
593 3317 773 3411 vlluperttl
791 3341 910 3388 meum
926 3316 1059 3402 dicium
1163 3321 1294 3394 Nonne
1309 3318 1481 3413 rapaces?
1504 3344 1626 3390 nonne
1645 3323 1713 3392 alia
1730 3324 1888 3394 dicentes

476 3423 703 3516 inexpertus,
1164 3424 1329 3518 Lingua,
1378 3435 1416 3494 et
1456 3423 1526 3492 alia
1567 3425 1759 3500 sentientes
1798 3414 2111 3518 deprehendimini

116 3523 270 3608 „Minus
300 3525 416 3609 dolet,
456 3539 492 3596 et
522 3539 575 3596 est
603 3523 729 3594 beatus
756 3520 793 3590 in
822 3521 884 3590 illo
907 3519 985 3613 ipso
1008 3521 1062 3589 iu-
1523 3529 1690 3621 semper?

478 3631 652 3700 fortunio.
1162 3629 1333 3702 Pereatis.
1383 3625 1478 3700 Mihi
1494 3654 1593 3702 mors
1608 3653 1684 3704 non
1700 3645 1753 3704 est
1767 3635 1859 3705 adeo
1874 3630 2012 3725 gravis,

115 3734 217 3805 Gkor.
241 3729 419 3814 „Miserta
438 3757 516 3802 sum
535 3733 703 3812 audiens;
736 3753 821 3799 nam
838 3727 1060 3798 calamitates
1114 3729 1189 3808 455
1214 3735 1264 3806 Ut
1280 3731 1346 3805 tibi
1363 3736 1523 3817 videtum
1550 3734 1610 3804 illa
1627 3738 1722 3808 mala
1736 3759 1794 3807 me
1809 3735 2063 3830 perdiderunt,

475 3849 559 3907 sunt
578 3833 798 3909 miserabiles
1163 3837 1320 3932 Quando
1336 3836 1466 3909 misera
1481 3837 1567 3909 urbs
1582 3833 1768 3934 Phrygum
1785 3853 1838 3912 est
1852 3847 2084 3928 consumpta,

111 3935 322 4020 „Omnibus
338 3931 567 4023 hominibus,
601 3940 740 4010 etiamsi
756 3935 835 4032 quis
850 3932 988 4004 alienus
1003 3931 1060 4004 sit.
1161 3941 1208 4010 Er
1235 3965 1336 4012 meus
1366 3942 1521 4036 incljtns
1543 3943 1716 4030 maritus,
1758 3943 1822 4039 qui
1850 3956 1884 4014 tc
1911 3963 2015 4032 saepe
2042 3960 2108 4028 pu·

110 4039 270 4130 Oportet
291 4053 324 4110 te
345 4053 381 4112 et
404 4053 503 4110 tuam
526 4043 635 4112 liliam
661 4044 698 4111 in
728 4036 1057 4112 reconciliationem
1532 4049 1677 4135 gnando

477 4147 629 4236 ducere,
1160 4143 1259 4213 Fecit
1272 4146 1406 4216 malum
1425 4160 1573 4220 nautam
1592 4173 1658 4240 pro
1674 4149 1788 4222 milite
1796 4148 1855 4247 ³³).

58 4241 135 4321 425
162 4243 343 4331 Menelae,
370 4259 406 4316 et
421 4245 545 4333 istam,
571 4259 613 4320 ut
626 4247 834 4318 liberetura
852 4240 968 4313 malis.
1166 4249 1269 4319 Nunc
1287 4261 1411 4320 contra
1428 4251 1615 4322 mulierem
1632 4277 1785 4347 appares
1801 4249 1970 4322 terribilis
1986 4245 2106 4326 miles,

108 4351 209 4422 Men.
234 4344 451 4430 prehendite
467 4351 692 4446 implicantes
705 4348 806 4422 istim
820 4339 989 4427 brachia,
1109 4349 1184 4423 460
1211 4347 1380 4422 luterficis
1407 4379 1476 4426 me.
1540 4351 1723 4442 lnterllce,
1764 4355 1849 4452 quia
1878 4376 1954 4424 non
1978 4346 2104 4419 delini·

108 4451 232 4536 Servi,
257 4455 380 4526 audiet
394 4479 470 4524 non
485 4467 606 4547 gratos
620 4475 824 4527 sermones:
1518 4468 1594 4526 tum
1614 4469 1647 4528 te

107 4553 187 4648 Ego
203 4553 287 4642 tibi,
310 4569 351 4630 ut
365 4559 506 4630 deseras
520 4579 649 4651 puram
664 4579 765 4626 aram
782 4553 901 4636 Deae,
1156 4556 1201 4627 Et
1219 4567 1318 4627 tuam
1334 4555 1444 4626 liliam
1461 4583 1539 4627 mea
1557 4559 1677 4652 lingua
1696 4561 1896 4631 dimittam:

105 4657 288 4750 Proposui
302 4657 407 4753 pueri
422 4674 596 4748 mortem,
616 4685 686 4756 qua
702 4658 844 4730 ratione
860 4667 895 4726 te
911 4651 1053 4746 decepi,
1156 4660 1339 4755 Quoniam
1357 4672 1397 4730 tu
1412 4684 1448 4730 es
1463 4683 1614 4751 magnus
1630 4663 1668 4732 in
1685 4663 1835 4758 Sparta,

55 4759 133 4835 450
157 4759 207 4831 Ut
221 4763 362 4837 venires
379 4765 418 4834 in
434 4789 531 4838 meas
547 4789 677 4835 manus
692 4763 738 4832 ad
753 4783 891 4830 necem.
1155 4764 1230 4836 Nos
1251 4763 1288 4832 in
1310 4763 1435 4834 Troia.
1498 4763 1566 4847 „Si
1589 4788 1655 4857 ego
1678 4765 1750 4838 iam
1771 4789 1851 4840 sum
1883 4765 1921 4834 in
1949 4765 2097 4834 adversa

105 4863 154 4934 Et
168 4864 278 4951 seito,
305 4891 398 4963 quae
414 4869 459 4938 ad
476 4881 510 4939 te
527 4869 728 4962 pertinent,
752 4862 803 4936 sic
818 4885 855 4934 se
869 4856 1014 4932 habere.
1520 4865 1686 4952 fortuna,

86 5169 137 5232 δ’)
157 5165 209 5218 nte
227 5177 325 5216 emus
345 5165 372 5213 n
390 5163 473 5217 uerte.
489 5165 582 5228 trra,
602 5163 678 5214 taes.
695 5171 785 5224 emus
801 5169 835 5209 se
852 5157 879 5207 n
897 5155 983 5209 mett.
995 5155 1050 5205 ne-
1138 5115 1382 5251 nfflllgffi
1392 5113 1851 5250 ἰξῗξξΡῗῗξοὲξξξοξθξξῇθσξξξ]
1864 5113 2100 5249 ’ξξοξᾞξξξξ

120 5235 169 5290 ¹¹¹·
188 5235 281 5298 Μ’
304 5235 427 5298 “We
452 5233 513 5286 η’·
536 5233 744 5298 'mmm'
767 5227 892 5292 4Ῑοὼο
909 5222 1050 5287 “lustum
1168 5255 1266 5306 Item:
1285 5255 1402 5316 Annon,
1421 5251 1618 5318 anemonen,
1637 5266 1705 5316 sper
1721 5257 1809 5316 ipsun
1821 5247 1961 5304 musnet
1978 5255 2097 5316 nosse,

122 5305 152 5356 ¹¹¹
171 5304 221 5354 η’
240 5303 321 5402 ’,Μ’
340 5303 413 5352 mm
428 5303 574 5384 flamm
590 5303 694 5368 ,ΨΜ
709 5299 787 5351 '¹¹⁰⁰’
811 5291 1049 5422 lnmffmffiuf!
1168 5323 1245 5376 ata:
1269 5324 1404 5374 lttmtrum
1423 5321 1501 5370 certe
1520 5322 1598 5373 illum
1616 5333 1682 5386 spes
1701 5333 1756 5374 non
1774 5325 1876 5374 neret.

120 5361 478 5504 lssllhllllthetsslhoili‘naen
491 5363 701 5494 ‘lirrorltlhruhltis
708 5361 870 5502 icioma
886 5377 964 5488 05044
980 5433 1049 5482 nate
1132 5423 1182 5490 ὕ)
1200 5424 1302 5486 nlllto]
1321 5423 1363 5476 alc
1379 5421 1464 5474 editt.
1481 5423 1574 5484 1060,
1597 5424 1689 5489 mim
1708 5423 1791 5475 tttttt
1810 5424 1912 5474 recem
1932 5425 1983 5481 (=
2000 5421 2094 5486 wip.

119 5510 289 5562 nucereto
305 5509 456 5574 adempte.
1166 5497 1316 5562 χερσαίου)
1334 5493 1428 5546 netttu
1446 5491 1586 5546 terrestri.
