4764 6100
60 219 150 291 1093

372 207 509 284 uxxtl.
559 200 955 284 turturuursrto
980 193 1219 276 EURIPIDIS
1245 191 1485 268 HERCULIS
1507 187 1758 264 FURENTIS.

1984 193 2080 268 1094

57 385 128 462 585
151 391 231 460 Am.
257 385 379 455 Tuum
397 395 465 467 est,
489 381 595 466 oilli,
620 380 743 452 amicis
759 405 832 452 esse
850 379 1017 461 amicum,
1061 425 1066 486 Ι
1140 373 1240 444 Herc.
1289 367 1434 440 Faciem
1459 367 1542 444 istm
1572 375 1666 434 recte
1694 359 1789 431 enim
1813 363 1948 437 dixisti:
1983 371 2075 440 vado

102 490 148 562 Et
161 488 327 558 inimicos
343 486 470 558 odisse.
520 485 589 554 Sed
605 507 651 553 ne
667 485 819 555 nimium
835 485 988 556 festines.

103 597 203 666 uere.
240 589 338 684 Quid
376 587 523 658 veroin
548 583 624 672 his,
659 611 681 656 o
708 599 828 678 pater,
864 587 965 656 citius
988 585 1039 666 fit,

466 713 574 782 quam
593 689 807 758 conveniat?

105 803 183 868 Am.
209 793 344 864 Multos
360 813 556 885 pauperes,
572 793 634 860 sed
650 793 712 884 qui
732 803 896 862 sermone
912 789 1038 860 divites

102 898 281 971 Videntur
297 919 391 980 esse,
418 891 624 965 auxiliarios
639 889 747 964 habet
761 919 837 979 rex,

1498 467 1593 536 intre
1613 468 1773 536 domum.

1139 573 1193 646 Ex
1214 575 1322 666 longo
1343 571 1534 642 intervallo
1550 591 1637 638 vero
1651 569 1792 638 rediens
1807 592 1849 638 ex
1863 569 1936 642 sole
1952 569 2097 642 caren-'

1500 673 1594 743 tibus
1608 671 1801 742 recessibus

1140 783 1270 854 Subter
1285 779 1439 872 puellam
1457 775 1642 859 Plutonis,
1665 799 1740 843 non
1757 773 1934 866 negligam

1140 885 1302 956 Primum
1319 881 1415 952 Deos
1430 878 1643 951 domesticos
1659 877 1805 972 alloqui.

55 999 130 1074 590
154 1000 227 1094 Qui
240 999 454 1072 seditionem
470 994 791 1091 concitarunt,qui
807 995 1039 1090 perdiderunt
1091 988 1165 1059 610
1196 993 1273 1060 Am.
1294 983 1434 1060 verene
1458 981 1587 1052 venisti
1611 981 1648 1048 in
1670 981 1818 1051 domum
1839 977 2022 1062 Plutonis,
2053 1005 2074 1049 o
2157 1057 2159 1064 ,

460 1098 640 1168 civitatem

104 1205 260 1296 Propter
293 1199 439 1293 rapinas
476 1199 799 1296 proximorumtt),
833 1225 889 1272 res
920 1211 1037 1272 autem

466 1303 653 1374 familiaris

105 1404 312 1497 Sumptibus
327 1405 473 1497 profusa
489 1417 558 1488 est,
582 1419 617 1474 et
632 1405 706 1474 otio
723 1404 840 1497 periit.

1496 1085 1546 1154 iili
1559 1081 1576 1151 i

1141 1195 1243 1264 Herc.
1272 1189 1318 1260 Et
1342 1188 1485 1284 quidem
1509 1186 1665 1256 belluam
1689 1182 1881 1275 tricipitem
1899 1183 1938 1250 in
1960 1183 2076 1255 lucem

1499 1287 1596 1359 duxi.

1143 1401 1222 1468 Am.
1247 1394 1372 1484 Pugna
1390 1393 1544 1476 victum',
1568 1411 1615 1460 an
1632 1409 1780 1457 munere
1795 1371 1918 1456 Deae?

106 1507 212 1581 visus
233 1531 269 1579 es
291 1508 459 1578 accedeus
484 1507 530 1576 ad
549 1509 694 1588 urbem;
731 1519 921 1602 postquam
953 1527 1039 1574 vero
1140 1503 1243 1570 Herc.
1259 1498 1403 1587 Pugna;
1419 1497 1621 1564 fortunatus
1634 1503 1754 1560 autem
1771 1487 1835 1574 sui,
1850 1489 1912 1584 qui
1927 1487 2077 1560 viderim

460 1608 574 1680 iussus
589 1635 647 1694 es,
671 1607 765 1694 vide,

1503 1619 1601 1667 sacra
1621 1593 1857 1664 secerdotum.

106 1709 159 1782 Nc
180 1711 402 1805 congregatis
411 1711 715 1805 iuimicispraeter
724 1711 932 1804 opinionem
941 1722 1038 1780 tuam
1143 1705 1221 1772 Am.
1247 1699 1358 1784 Estne
1376 1699 1413 1767 in
1435 1701 1582 1768 aedibus
1597 1689 1788 1788 Eurysthei
1804 1693 1947 1762 bellua?

472 1837 608 1906 pereas.

55 1909 134 1986 595
163 1917 264 1986 Herc.
295 1914 380 1988 Non
395 1928 447 1986 cst
462 1911 552 1984 mihi
569 1937 692 1998 curae,
728 1913 867 1986 etiamsi
891 1925 965 1982 tota
983 1936 1041 1981 me

470 2017 593 2087 civitas
610 2015 750 2088 viderit.

110 2118 201 2188 Cum
227 2130 345 2188 autem
373 2116 538 2188 vidissem
563 2143 665 2186 avem
697 2119 878 2212 quandam
904 2117 940 2185 in
961 2118 1041 2186 loco

465 2219 702 2312 inauspicato,
723 2293 727 2303 q

107 2317 270 2392 intellexi
294 2319 452 2416 aliquam
476 2323 715 2392 calamitatem
730 2322 903 2393 ‘incidisse
925 2319 963 2389 in
980 2322 1042 2390 do-

472 2450 584 2497 mum.

104 2519 232 2618 Itaque
249 2525 292 2593 de
307 2523 482 2596 industria
501 2528 591 2597 clam
610 2527 786 2618 ingressus
800 2551 878 2596 sum
897 2537 1042 2594 terram.

105 2629 190 2696 Am.
217 2625 325 2696 Recte
341 2631 510 2700 accedens
525 2654 620 2700 nunc
636 2631 750 2700 saluta
763 2630 868 2710 lares,

46 2723 132 2796 600
159 2725 206 2798 Et
220 2731 379 2822 paternis
394 2733 539 2808 aedibus
557 2733 602 2801 da
620 2745 720 2802 tuum
736 2743 983 2822 conspectum,
1003 2742 1043 2799 ut

469 2825 625 2906 videant.
1064 2849 1068 2917 i

103 2927 186 3020 lpse
201 2931 296 3002 enim
317 2935 436 3004 veniet
451 2949 549 3007 tuam
566 2961 713 3007 uxorem
730 2948 764 3005 et
779 2935 910 3006 liberos
1065 2943 1067 2952 “

107 3031 365 3122 Tractaturus,
398 3037 666 3124 interfecturus,
698 3055 733 3110 et
748 3065 804 3109 me
822 3061 893 3108 uua
908 3050 1041 3106 macta·
1065 3062 1067 3140 J

467 3155 568 3213 turus
581 3167 656 3213 rex.

106 3234 274 3308 Manenti
289 3241 355 3311 tibi
368 3243 487 3328 domi,
508 3247 629 3314 omnia
644 3255 749 3315 erunt
765 3243 939 3335 expedita,

103 3337 155 3408 Et
170 3339 308 3412 lucrum
325 3346 431 3416 facies
447 3347 508 3421 tua
526 3347 732 3430 securitate,
751 3359 785 3415 et
801 3347 925 3415 urbem
942 3357 1040 3414 tuam

44 3438 132 3513 605
151 3441 233 3513 Non
251 3447 350 3536 prius
364 3449 577 3530 turbaveris,
593 3473 700 3542 quarn
719 3446 786 3517 hoc
804 3447 1041 3528 benefeceris,
1066 3526 1068 3548 Ι

465 3579 484 3620 ο
501 3550 618 3645 filim).
1066 3574 1070 3636 1

51 3703 210 3716 μή...
227 3705 269 3716 u..

159 3843 304 3896 l’roltciem
324 3847 439 3898 renibus
457 3849 626 3901 tractionem.
668 3852 857 3900 restruerem
875 3859 942 3900 vero
961 3849 1044 3911 quot-

487 3923 534 3968 uot
1067 3959 1070 3976 .

162 3983 291 4047 lugretos
309 3931 499 4050 deprehendi,
520 3989 590 4038 bene
608 3987 755 4038 effectosa
776 3999 826 4050 me,
1067 3988 1070 4061 l

162 4051 328 4102 victricibus
347 4053 410 4103 istis
429 4055 516 4104 mmle
534 4057 667 4120 sublgem.
1067 4064 1071 4147 p

161 4121 292 4183 Reliquos
312 4133 380 4171 vero
398 4123 482 4172 elutis
499 4125 637 4187 dissipans
656 4123 730 4183 tells,

162 4193 332 4240 Mortuerum
353 4193 438 4240 totum
457 4191 593 4243 quenum
612 4193 727 4254 implebo
745 4193 839 4258 caede,
1067 4159 1072 4307 ι

163 4259 314 4322 Dircenque
332 4257 429 4308 letires
446 4259 552 4323 llnpldi
569 4263 796 4314 crueutsbuntur.
818 4307 821 4315 ,

164 4329 217 4382 Cui
234 4329 305 4378 enlm
324 4341 367 4378 mc
386 4341 464 4392 opem
481 4332 555 4378 terre
574 4331 665 4392 potius
684 4343 761 4392 quum
782 4330 860 4380 orori
879 4329 1018 4392 convenit,
1068 4315 1072 4414 ᾗ

162 4401 199 4449 lit
216 4395 300 4464 filiis,
319 4401 348 4448 et
366 4391 450 4448 senil
484 4399 606 4448 Veleent
624 4399 743 4448 tubures.
1068 4415 1073 4494 p

162 4469 283 4518 Frustra
301 4467 372 4516 euim
391 4477 440 4516 eus
459 4479 526 4530 pree
545 4468 578 4516 ils
596 4465 710 4516 conieci.

161 4539 232 4588 tteu
251 4537 381 4586 couseuit
397 4548 441 4584 me
460 4549 508 4596 pro
527 4535 589 4584 lstis
609 4533 647 4600 (si
667 4535 772 4596 qriirlem
792 4535 817 4582 tl
836 4545 886 4596 pro
904 4533 999 4599 petre)
1068 4497 1073 4620 Ι

163 4603 237 4656 ttori
255 4607 436 4668 pugnantemq
454 4609 502 4654 eut
520 4603 583 4666 quid
601 4603 740 4652 dicendum
760 4603 911 4668 egregium,

163 4675 234 4726 Cum
250 4673 340 4735 bydre
358 4673 465 4736 quidem
482 4685 661 4736 congressum
681 4673 801 4734 proelio.
820 4673 963 4735 taoneque,

149 4741 315 4806 'Eurysthei
333 4743 475 4802 ductibus,
495 4744 544 4791 sed
563 4755 612 4804 pro
633 4743 700 4790 mels
719 4743 814 4790 liberis

162 4813 224 4862 Nou
240 4809 358 4862 emollar
376 4805 513 4861 mortemi
531 4823 585 4860 nou
604 4823 672 4860 sene
690 4811 825 4860 Hercules

164 4879 359 4942 victoriosus,
377 4883 408 4930 ut
425 4883 523 4940 enter,
541 4881 625 4929 dicer.

83 4957 87 4964 “
165 4951 315 5014 „Aequum
335 4951 394 5010 est,
413 4955 543 5010 parentes
561 4947 694 4997 adiuvere
713 4948 825 5011 liberos,

166 5017 358 5080 „Patremque
375 5030 489 5079 senem,
509 5021 536 5068 et
556 5017 715 5080 participem
734 5018 899 5080 seriptierum.

78 5123 138 5186 5⁷]
166 5121 201 5172 ll.
218 5119 237 5170 l.
255 5119 283 5168 lu
303 5119 353 5172 Ed.
376 5119 452 5170 tect.
471 5125 537 5169 nutu
555 5132 659 5180 mare:
680 5119 850 5170 seditionum
869 5131 962 5173 mrsu.

77 5227 138 5294 58)
163 5225 226 5276 Am.
243 5223 328 5272 Tuum
346 5248 380 5260 -
397 5235 414 5273 o
432 5223 481 5272 eu.
499 5221 554 5288 (vs.
567 5219 743 5288 686-606.)]
762 5223 801 5272 sic
820 5223 870 5278 Ed.
888 5223 980 5288 item
1000 5225 1048 5280 Ed.

125 5293 228 5412 1Ὗηῖ
251 5358 364 5440 „icum
383 5359 488 5422 quidem
506 5363 567 5424 eet,
586 5371 602 5410 o
620 5361 675 5424 ru,
692 5359 786 5410 etnicis
807 5373 872 5410 esse
890 5361 1015 5428 amicum,

162 5431 227 5490 „lit
245 5429 355 5478 trrrmtee
373 5427 484 5491 odisee;
502 5431 552 5480 sed
570 5443 604 5480 ne
623 5430 738 5480 lestines
760 5429 850 5478 nimis.

1094 1798 1168 1874 616
1183 1807 1284 1874 llere·
1302 1801 1437 1873 Nemus
1447 1801 1588 1871 Cereris
1603 1811 1638 1868 et
1648 1798 1771 1868 civitas
1781 1795 1955 1866 Hermion
1964 1796 2079 1888 ipsam

1506 1899 1623 1972 habet.

1144 1989 2081 2100 AmAnnonscitEurystheusterediisseinterram?

1144 2113 1245 2180 Herc.
1277 2107 1362 2180 Non
1383 2107 1466 2187 scit;
1501 2107 1601 2190 veni,
1631 2118 1672 2175 ut
1696 2103 1822 2174 scirem
1847 2101 1967 2194 prius,
1992 2125 2081 2196 quo·

1509 2211 1618 2280 modo
1635 2233 1671 2278 se
1688 2202 1745 2275 bic
1762 2231 1818 2276 res
1832 2201 2017 2274 haberent.

1145 2319 1224 2384 Am.
1251 2313 1447 2407 Quomodo
1464 2327 1582 2384 autem
1600 2309 1739 2380 tamdiu
1763 2307 1861 2378 fuisti
1876 2307 1941 2377 sub
1959 2304 2081 2375 terra?

1145 2419 1244 2485 Herc.
1287 2415 1474 2488 Reducens
1501 2412 1679 2485 Theseum
1707 2423 1891 2482 cunctatus
1917 2433 2015 2492 stim,
2059 2431 2080 2474 o

1502 2531 1615 2608 pater.

1095 2615 1170 2690 620
1201 2624 1279 2690 Am.
1313 2619 1385 2690 Ubi
1402 2620 1431 2692 is
1447 2619 1523 2690 est?
1555 2632 1674 2690 utrum
1696 2615 1763 2684 icit
1780 2614 1818 2682 in
1832 2614 1947 2686 solum
1964 2625 2081 2682 terrae

1506 2715 1726 2818 patrium?

1092 2843 1298 2860 -Ι--ι-

1192 2955 1278 3008 flere.
1316 2955 1386 3017 uuit
1418 2968 1486 3010 vero
1517 2959 1549 3010 ut
1578 2957 1613 3074 up
1635 2953 1698 3006 istls
1726 2951 1808 3004 citius
1839 2961 1919 3016 quem
1944 2951 2082 3018 oporteat,

1510 3029 1590 3088 peter

1195 3094 1257 3144 Am.
1276 3093 1379 3144 Multos
1399 3105 1553 3158 penpsres,
1572 3093 1674 3142 divites
1696 3099 1764 3140 sero
1780 3097 1909 3138 sermone

1197 3163 1285 3211 Visos
1303 3175 1388 3226 esse,
1406 3163 1557 3213 auxiliares
1575 3161 1731 3224 tertiaeet,

1197 3229 1249 3292 Qui
1268 3229 1431 3281 seditionem
1449 3233 1616 3292 moverunt,
1635 3231 1664 3278 et
1681 3224 1859 3290 perdiderunt
1876 3223 2080 3290 rempublicam,

1197 3299 1315 3360 Propter
1332 3299 1514 3362 direptionem
1532 3298 1736 3362 proximorum
1754 3307 1801 3344 res
1819 3303 1888 3343 vero
1906 3292 2053 3344 restruet·

1198 3369 1354 3429 sumptibus
1372 3369 1471 3430 periit,
1489 3369 1598 3430 dilapsa
1615 3369 1649 3416 ob
1668 3366 1804 3415 laertium.

1199 3436 1287 3486 Visus
1307 3449 1337 3487 es
1359 3437 1495 3488 accedeus
1512 3437 1667 3499 civitatem
1695 3435 1837 3496 postquam
1855 3439 1923 3481 vero
1946 3429 2082 3495 rieures,

1503 3507 1567 3556 vide

1198 3573 1328 3626 inimicos
1347 3588 1538 3641 congregem,
1557 3541 1592 3626 u’e
1612 3573 1725 3637 praeter
1743 3569 1898 3634 opinionem
1917 3569 2013 3620 cedes.

1198 3645 1283 3694 llere.
1303 3643 1394 3695 Curae
1413 3645 1556 3708 estnihil,
1575 3643 1628 3693 etsi
1647 3655 1690 3692 me
1708 3643 1767 3692 tote
1785 3639 1904 3690 vidisset
1921 3637 2029 3689 clvltes.

1197 3715 1284 3762 Avem
1308 3725 1378 3766 vero
1401 3726 1463 3766 cum
1484 3713 1616 3764 vidissem
1640 3711 1775 3775 quandam
1799 3719 1855 3778 nou
1877 3707 1906 3758 in
1932 3707 2081 3770 suspicetis

1504 3781 1616 3832 sedibus

1200 3849 1325 3914 Cognovi
1342 3852 1527 3903 cetenltetem
1546 3815 1680 3914 queritans
1697 3848 1725 3897 in
1744 3847 1851 3898 domum
1869 3843 2014 3896 incidisse:

1200 3920 1294 3984 ltaque
1313 3935 1347 3972 ex
1364 3923 1492 3972 corisulto
1510 3923 1610 3972 tacitus
1629 3920 1773 3982 ingressus
1792 3929 1850 3965 sum
1869 3917 1981 3964 terrem.

1198 3989 1259 4041 Are.
1277 3991 1364 4041 Recte
1380 3991 1533 4052 procedens
1551 4003 1641 4051 uuus,
1661 3995 1688 4038 et
1706 3989 1826 4036 salutato
1845 3985 1969 4048 Vestam,

1199 4061 1236 4108 ut
1254 4059 1290 4110 da
1307 4059 1431 4121 peterms
1449 4059 1562 4108 sedibus
1581 4061 1655 4108 tunm
1673 4057 1777 4105 vultum
1796 4053 1949 4115 adspicere.

1197 4127 1300 4177 veniet
1317 4128 1388 4178 enlm
1407 4127 1485 4191 lpse,
1503 4129 1578 4176 tuem
1592 4137 1704 4176 uxorem
1725 4125 1752 4172 et
1769 4123 1872 4172 llberos

1197 4197 1396 4258 tractaturus,
1413 4196 1624 4256 interfecturus,
1644 4198 1672 4243 et
1690 4208 1731 4242 rue
1749 4191 1922 4252 iuguleturus
1942 4201 1999 4238 rex.

1199 4263 1321 4316 tlarreuti
1338 4275 1406 4313 vcro
1424 4263 1475 4312 troc
1493 4263 1520 4312 in
1537 4263 1598 4312 loco
1618 4263 1709 4312 omnia
1728 4259 1775 4310 tibi
1794 4261 1870 4324 tleut,

1201 4334 1238 4380 Et
1255 4331 1406 4382 securitate
1424 4331 1544 4396 frueris,
1563 4331 1755 4394 civitrtcmquc
1772 4333 1847 4378 tuam

1201 4402 1261 4450 lton
1277 4400 1354 4462 prius
1372 4400 1547 4462 turbareris,
1565 4411 1644 4520 (Im
1663 4401 1730 4450 bueo
1745 4399 1814 4448 bene
1833 4395 1978 4458 posueris,
1998 4396 2079 4452 obli.

1131 4465 1179 4534 tte)
1198 4468 1225 4516 iu
1243 4469 1332 4518 solum
1350 4471 1443 4520 terres
1461 4467 1568 4530 patriae
1592 4465 1602 4533 ]
1625 4469 1668 4517 tis
1692 4469 1719 4518 tn
1744 4477 1830 4530 marg.
1856 4467 1905 4518 Ed.
1930 4466 2004 4518 isse.
2028 4467 2080 4516 ed-

1166 4538 1297 4600 scrtptum
1311 4539 1355 4587 est
1371 4549 1484 4588 nomen:
1496 4539 1629 4588 Athenas.
1648 4566 1680 4578 -
1692 4537 1778 4590 Herc.
1792 4528 2080 4600 Faciem-petrice?

1167 4607 1222 4668 (vs.
1235 4601 1424 4671 sue-tet.)]
1443 4605 1483 4656 sic
1501 4607 1550 4656 Ed
1572 4605 1646 4656 1562.
1654 4621 1663 4668 ;
1681 4605 1730 4658 Ed.
1747 4605 1837 4654 l558.:

1199 4673 1286 4729 Herc.
1305 4675 1417 4726 Feriam
1430 4676 1513 4736 tieem
1530 4677 1605 4726 recte
1619 4671 1691 4726 euim
1704 4671 1814 4735 dixisti,
1832 4673 1874 4724 ibo
1888 4674 1963 4724 intre
1977 4673 2080 4724 domos.

1202 4743 1322 4794 tetidem
1339 4755 1407 4794 vero
1426 4755 1558 4794 reversus
1575 4756 1608 4792 ex
1626 4745 1719 4804 opacis
1738 4743 1899 4794 secessibus

1203 4811 1327 4864 Plutonis
1344 4811 1451 4874 puellae
1470 4813 1633 4874 infernalis,
1651 4826 1705 4864 nou
1725 4813 1863 4876 negligam

1199 4881 1273 4930 lJcos
1289 4881 1392 4944 alloqui
1410 4881 1526 4944 primum
1544 4881 1717 4932 domesticos.

1199 4950 1259 5000 altre.
1279 4949 1389 5000 Venisti
1406 4951 1476 5000 euim
1495 4951 1666 5002 reversed
1684 4953 1778 5002 domos
1796 4947 1939 5008 rrutonts,
1959 4955 1975 4996 c
1992 4939 2054 4996 titt

1203 5021 1287 5070 llere.
1307 5020 1342 5069 ut
1360 5019 1476 5068 belidem
1494 5019 1530 5068 ed
1546 5031 1662 5082 superos
1681 5019 1826 5082 tricipitem
1843 5015 1915 5064 duxi.

1202 5090 1263 5140 Am.
1282 5085 1378 5150 Pugue
1394 5099 1545 5152 superaus,
1564 5091 1611 5138 eut
1629 5087 1703 5140 Deae
1721 5103 1753 5137 ex
1772 5077 1866 5136 dorroi
1962 5127 1967 5136 .

1203 5157 1290 5208 llere.
1318 5155 1446 5222 Proelia,
1469 5157 1642 5207 secerdotum
1665 5155 1836 5207 luteruetturu
1861 5163 1941 5204 socru
1965 5151 2082 5202 ioliclter

1512 5225 1634 5288 adspexi.

1204 5295 1264 5345 :lue
1283 5293 1352 5344 Num
1371 5293 1397 5343 lu
1417 5295 1495 5346 domu
1514 5297 1557 5346 est
1576 5291 1723 5356 Eurysthei
1743 5283 1855 5340 belluni

1206 5363 1289 5416 llere.
1320 5363 1439 5418 tlccctcs
1467 5363 1555 5424 ipsum
1587 5361 1680 5418 lucus,
1713 5359 1897 5420 llermiouque
1924 5359 2002 5408 illuct
2030 5369 2081 5420 op·

1514 5430 1613 5492 pidum.

1449 5497 1526 5568 69*
