4844 6122
61 285 128 364 ios
235 231 377 358 xiva
413 279 813 358 nrnmnrrauo
839 279 1013 358 oratus
1038 274 1426 379 Quirenarum
1450 251 1735 351 amaruan
1758 273 1849 349 nm
1864 271 1928 352 1v.
2030 256 2122 354 tta·

154 457 391 531 Saturnus'et
402 453 604 527 Mercurius
626 457 878 549 cognationes,
903 453 1077 526 familia·
1109 467 1146 527 et
1157 432 1294 526 faustae
1310 451 1468 522 actiones
1484 449 1581 544 apu'd
1596 462 1735 522 exteros
1753 447 1936 521 etreditus
1958 453 2106 538 maturi,

63 563 194 646 ritates,
222 559 437 632 societatem
461 557 779 646 commerciorum,
806 571 1055 630 contractuum
1109 583 1151 628 ac
1174 581 1250 627 non
1279 553 1457 650 impediti.
1521 553 1612 626 Cum
1642 577 1729 624 vero
1759 553 1912 624 malefici
1940 554 2106 647 planetae

65 679 94 738 et
107 688 295 738 sacrorum
315 661 436 734 eiiicit.
1057 729 1059 734 .
1108 660 1385 753 significatorem
1399 657 1572 752 itinerum
1587 655 1803 751 adspiciunt,
1817 669 1924 728 erunt
1934 657 2105 744 difficilia,

153 766 293 861 lupitcr
315 777 354 834 et
373 764 496 849 Mars,
528 761 694 836 sodalitia
723 787 789 858 per
816 763 1058 856 magistratus,
1109 766 1284 834 damnosa
1305 774 1341 833 et
1360 760 1561 854 periculosa
1587 761 1730 831 itinera.
1791 758 1963 830 Sumatur
1984 774 2105 832 autem

73 885 126 942 aut
140 871 218 942 alias
233 867 534 962 gubernationes.
1109 864 1349 938 consideratio
1382 861 1667 950 commixtionis,
1706 861 1840 960 ubique
1869 861 1967 933 iuxta
1990 864 2108 934 domi-

163 971 293 1068 lupiter
309 981 349 1040 et
361 968 505 1053 Venus,
530 963 704 1038 amicitias
720 991 786 1058 per
797 968 958 1060 publicas
976 991 1058 1062 per·
1109 966 1210 1041 nium
1228 991 1374 1052 corum,
1401 967 1464 1062 qui
1486 968 1640 1040 eundem
1666 967 1786 1038 locum
1812 964 2036 1058 adspiciunt,
2065 979 2108 1038 ut

86 1099 187 1162 sonas,
219 1097 317 1172 quae
348 1069 532 1144 sacrificiis
563 1081 626 1141 aut
655 1068 832 1143 vaticiniis
862 1065 1058 1164 occupatae
1110 1071 1401 1168 supradiximus.

86 1191 158 1250 sunt
1214 1173 1306 1244 Cum
1338 1171 1477 1244 lumina
1510 1183 1595 1242 sunt
1625 1170 1665 1240 in
1699 1169 1867 1242 orientali
1893 1172 2107 1268 quadrante,

159 1279 294 1374 Iupiter
309 1290 346 1348 et
354 1273 576 1360 Mercurius,
603 1275 892 1347 conversationes
908 1287 1059 1370 propter
1109 1275 1352 1370 peregrinatio
1368 1275 1435 1346 erit
1448 1298 1571 1346 versus
1593 1275 1789 1358 orientem,
1823 1287 1886 1344 aut
1907 1273 2108 1346 meridiem.

75 1383 172 1456 studia
189 1381 383 1454 doctrinae
402 1390 439 1448 et
454 1377 598 1450 artium.
709 1385 715 1396 ’
1110 1379 1181 1450 Sed
1199 1405 1279 1450 cum
1296 1379 1431 1450 suntin
1448 1375 1661 1448 occidentali
1684 1379 1904 1472 quadrante,
1939 1389 2003 1447 aut
2027 1378 2106 1470 ipso

161 1487 256 1558 biars
293 1495 330 1554 et
354 1479 479 1551 Venus
508 1479 645 1550 faciunt
673 1477 963 1552 conversationes
992 1503 1059 1572 per
1111 1507 1258 1567 occasu,
1285 1481 1353 1552 erit
1368 1479 1610 1576 peregrinatio
1629 1503 1752 1551 versus
1767 1480 2050 1574 septentrionem
2073 1493 2110 1550 et

83 1609 213 1676 amores,
240 1583 424 1659 adulteria
441 1593 476 1652 et
488 1581 739 1654 scortationes:
774 1607 866 1680 quae
883 1595 1006 1653 tamen
1024 1594 1059 1651 et
1111 1609 1289 1656 occasum.

81 1693 279 1786 periculosae
296 1699 403 1772 sunt,
426 1697 460 1754 et
474 1710 550 1755 non
567 1685 629 1754 diu
646 1695 730 1755 sunt
743 1686 870 1756 laetae.
1211 1685 1352 1756 Etcum
1368 1683 1510 1776 signum
1528 1681 1730 1774 significans
1746 1683 1815 1754 iter
1830 1683 1900 1754 erit
1914 1685 2108 1772 uniforme,

161 1795 258 1866 biars
285 1803 323 1864 et
345 1787 550 1859 Mercurius
575 1785 802 1874 inimicitias,
833 1783 1001 1857 infamias
1023 1797 1059 1856 et
1110 1801 1173 1860 aut
1188 1813 1269 1860 cum
1285 1788 1513 1863 dominantes
1525 1785 1648 1857 stellae
1670 1799 1776 1858 eruut
1797 1788 2016 1873 uniformes,
2041 1799 2108 1881 pe'r

81 1897 159 1969 tiras
185 1897 390 1991 significant
430 1889 560 1961 litteris
587 1889 777 1962 mandatas
805 1901 842 1988 et
873 1887 1057 1960 veneficia.
1109 1891 1299 1963 intervalla
1315 1902 1440 1965 etnon
1456 1888 1596 1962 assidua
1612 1887 1742 1958 itinera
1758 1890 2009 1982 suscipientur.
2035 1892 2107 1962 Sed

83 1999 184 2073 Venus
206 2015 241 2072 et
264 1993 469 2069 Mercurius
494 1991 695 2085 significant
723 1991 985 2064 familiaritates
1015 2017 1059 2063 ex
1110 2021 1190 2067 cum
1206 2007 1313 2065 crunt
1327 1995 1481 2066 duarum
1499 1993 1717 2084 figurarum,
1740 1993 1902 2064 assiduae
1918 2007 1953 2064 et
1966 1995 2108 2089 longin-

85 2105 227 2186 artihns,
257 2101 374 2171 studiis
398 2109 435 2167 ct
456 2095 673 2166 commercio
693 2095 916 2182 litterarum,
949 2105 1012 2166 aut
1037 2118 1058 2164 a
1110 2123 1202 2194 quae
1217 2096 1526 2192 peregrinationes
1542 2107 1659 2168 erunt.

94 2203 287 2276 mulieribus
300 2215 397 2274 oms.
1210 2193 1348 2294 Iupiter
1362 2210 1482 2270 autem
1501 2211 1537 2268 ct
1550 2197 1673 2270 Venus
1697 2223 1778 2278 cnm
1802 2211 1976 2294 praesunt
1997 2197 2108 2290 signis

178 2303 384 2376 Incrementa
401 2325 488 2372 vero
506 2311 542 2372 et
560 2300 786 2372 decrementa
808 2297 974 2370 brevium
1001 2323 1058 2372 so·
1110 2318 1146 2376 et
1159 2303 1375 2388 luminibus,
1398 2302 1575 2395 praebent
1592 2323 1716 2372 secura
1739 2314 1775 2372 et
1796 2316 1897 2398 grata
1919 2303 2049 2374 itinera
2072 2313 2109 2370 et

87 2408 251 2480 dalitatnm
291 2407 483 2479 indicanda
513 2416 598 2476 sunt
632 2427 674 2474 er
701 2403 935 2495 congruentia
969 2427 1057 2497 qua-
1109 2408 1378 2480 comitatusseu
1393 2429 1459 2498 per
1481 2403 1662 2498 praesides
1685 2405 1895 2497 regionum,
1926 2427 2109 2500 perquer

85 2523 153 2582 tuot·
163 2511 435 2606 praecipuorum
452 2509 628 2579 locorum.
673 2505 767 2580 Nam
784 2506 822 2574 in
839 2505 1058 2589 cardinibus,
1108 2508 1408 2609 proficiscendum
1426 2507 1513 2592 crit,
1537 2531 1599 2580 seu
1612 2531 1678 2602 per
1692 2507 1844 2592 amicos;
1877 2521 1913 2580 ct
1937 2511 2109 2580 accedent

86 2631 167 2706 pauc
178 2619 366 2698 fortunae,
402 2633 444 2682 ac
465 2611 644 2682 luminum
667 2609 776 2695 locis,
809 2609 964 2680 accessio
990 2607 1057 2679 erit
1107 2613 1227 2684 bonae
1242 2624 1469 2706 tempestates
1485 2624 1521 2682 et
1537 2611 1639 2704 copia
1658 2626 1938 2686 commeatuum.

82 2717 247 2802 illustrium
293 2719 356 2789 sed
388 2738 469 2786 cum
493 2711 627 2785 abillis
648 2709 737 2784 locis'
760 2713 914 2783 aberunt
934 2711 1057 2783 stellae
1210 2715 1250 2787 Si
1273 2719 1380 2788 etiam
1402 2713 1606 2786 Mercurius
1636 2715 1784 2787 adiuvat
1809 2712 1904 2787 banc
1933 2713 2109 2812 signitica-

77 2821 316 2916 rigniiicantes,
348 2817 488 2890 effectio
516 2816 585 2887 erit
605 2815 831 2888 imbecillior.
1108 2818 1268 2905 tionem,
1300 2819 1369 2890 erit
1391 2817 1531 2890 occasio
1556 2817 1772 2908 utilitatum,
1809 2817 2051 2893 accessionum
2073 2828 2110 2887 et

157 2927 227 3000 Sed
244 2924 396 3021 quando
418 2919 507 2992 boni
530 2929 698 3004 eventus,
730 2921 876 3015 quando
901 2922 988 2992 mali
1012 2919 1057 2992 ab
1109 2925 1303 2996 donorum.

76 3029 175 3104 amicis
198 3029 459 3123 impendeant,
500 3047 543 3094 ex
574 3023 745 3119 qualitate
767 3023 952 3096 stellarum
973 3041 1073 3096 con-'
1213 3025 1304 3098 Cum
1319 3049 1406 3094 vero
1424 3023 1602 3096 Saturnus
1625 3023 1772 3096 etMars
1797 3025 2034 3098 dominantur
2056 3024 2110 3092 lu·

76 3135 284 3222 gmcntium,
309 3133 408 3201 bona
425 3127 482 3198 vel
495 3127 611 3212 mala,
636 3125 849 3197 sumendum
867 3139 931 3206 est.
1110 3128 1281 3213 minibus,
1300 3140 1336 3198 et
1349 3126 1544 3199 maximesi
1558 3127 1631 3200 sint
1648 3127 1805 3219 oppositi
1819 3129 2016 3200 secundum
2032 3127 2111 3196 lon-

1110 3233 1330 3328 gitudinem,
1367 3241 1604 3322 corrumpunt
1629 3253 1669 3298 ea
1693 3229 1809 3315 bona,
1847 3253 1941 3326 quae
1970 3232 2113 3315 adsunt,

457 3335 513 3405 De
535 3334 655 3405 seems.
1111 3349 1146 3409 et
1160 3335 1348 3430 implicant
1362 3331 1503 3428 magnis
1518 3331 1685 3428 periculis
1699 3357 1777 3420 eos,
1800 3335 1864 3430 qui
1881 3334 1951 3404 iter
1962 3333 2111 3405 faciunt.

1111 3439 1202 3514 Cum
1220 3451 1328 3511 erunt
1342 3437 1380 3508 in
1395 3435 1506 3530 signis
1527 3433 1706 3524 humidis,
1731 3435 2037 3533 navigationes’l)
2055 3437 2110 3508 in·

1109 3547 1263 3630 faustas,
1304 3554 1368 3612 aut
1395 3540 1532 3612 reditus
1559 3565 1625 3634 per
1652 3541 1733 3612 loca
1762 3541 1859 3611 invia
1884 3553 1948 3612 aut
1969 3541 2110 3611 deserta

1109 3647 1328 3746 significant3
1360 3643 1513 3730 infixis,
1546 3643 1668 3738 lapsus
1692 3669 1759 3738 per
1778 3644 1858 3715 loca
1883 3647 2018 3728 ardua,
2053 3643 2110 3713 vel

1109 3753 1214 3824 ssatus
1229 3761 1441 3831 ventorum;
1475 3747 1514 3818 in
1538 3746 1783 3821 solstitialibus
1806 3761 1841 3819 et
1865 3745 2110 3844 aequinoctia-

1108 3857 1222 3943 libus,
1247 3855 1404 3925 defectus
1418 3865 1683 3924 commeatuum
1703 3863 1739 3922 ct
1754 3853 1918 3932 morbos;
1945 3851 1984 3920 in
2000 3848 2110 3940 signis

1108 3955 1307 4033 humanam
1329 3957 1482 4050 figuram
1502 3951 1737 4042 habentibus,
1773 3953 1984 4039 latrocinia,
2023 3951 2109 4023 insi-

1109 4065 1206 4150 dias,
1233 4061 1473 4138 crudelitates.

1210 4163 1253 4238 ln
1267 4165 1507 4249 terrestribus,
1522 4160 1758 4233 lacerationes
1774 4161 1987 4232 metuendae
2003 4172 2110 4231 erunt

1109 4289 1129 4340 a
1144 4269 1267 4343 bestiis
1280 4283 1316 4341 ct
1330 4281 1448 4339 terrae
1462 4277 1595 4339 motus.
1645 4263 1694 4336 Et
1709 4291 1790 4337 cum
1808 4265 1908 4336 adest
1923 4287 1995 4335 una
2012 4261 2110 4332 Mer-

161 4379 281 4452 Locus
303 4377 608 4473 peregrinationis
639 4375 794 4450 sumitur
825 4401 846 4450 a
876 4379 1056 4453 luminum
1109 4371 1247 4458 curius,
1269 4371 1428 4467 pericula
1445 4383 1587 4444 erunta
1606 4367 1836 4454 fulminibus,
1863 4365 2109 4460 apericulosis

66 4483 179 4574 positu
199 4484 248 4554 ad
272 4496 416 4566 centra,
440 4483 630 4554 amborum
657 4479 822 4578 quidem,
855 4485 917 4554 sed
942 4485 1057 4579 magis
1109 4475 1440 4560 criminationibus,
1483 4499 1503 4544 a
1536 4473 1761 4565 serpentibus
1790 4483 1825 4542 et
1845 4480 2107 4542 venenatorum

66 4585 200 4670 Lunae3
234 4586 384 4658 namin
408 4609 555 4674 occasu,
598 4597 661 4658 aut
690 4586 899 4658 cadentibus
921 4587 1055 4660 locisa
1107 4579 1249 4651 ictibut·
1314 4577 1497 4650 Sumenda
1528 4589 1581 4648 etl
1604 4577 1700 4646 essim
1726 4575 1880 4670 qualllsst
1901 4585 2108 4657 eventuum.

66 4693 262 4764 cardinibus
277 4688 585 4786 peregrinationes
599 4701 634 4760 et
650 4687 815 4760 locorum
838 4693 1056 4764 mutationes
1108 4697 1184 4756 tum
1201 4683 1331 4766 fausta,
1347 4691 1423 4751 tum
1442 4679 1611 4764 infausta,
1637 4701 1680 4748 ex
1696 4677 1901 4750 diversitate
1919 4677 2012 4747 circa
2025 4700 2108 4746 cau-

65 4795 242 4889 aignifrcat.
307 4791 411 4866 ldem
434 4792 609 4890 significat
632 4806 668 4865 et
690 4789 810 4878 Mars,
841 4793 976 4866 sivein
998 4820 1056 4866 oc·
1108 4809 1184 4859 sam
1202 4797 1238 4856 ct
1262 4809 1304 4855 ex
1327 4783 1415 4856 locis
1439 4805 1567 4854 causae
1593 4781 1764 4875 actionis,
1798 4791 1860 4851 aut
1881 4781 2108 4885 facultatum,

67 4923 159 4986 usu,
183 4898 316 4974 sivein
335 4885 446 4970 domo
471 4897 619 4970 cadente
644 4921 665 4968 a
689 4893 865 4984 culmine,
900 4921 981 4968 cum
1001 4897 1056 4969 lu·
1108 4901 1171 4961 aut
1195 4887 1378 4981 corporis,
1410 4899 1474 4959 ant
1498 4884 1683 4978 dignitatis
1700 4883 1798 4955 iuxta
1821 4883 2107 4978 dispositionem,

66 5003 213 5077 minibus
228 5017 293 5074 aut
309 5001 496 5098 oppositus
512 5016 583 5090 est,
608 5014 671 5074 aut
685 5011 906 5092 tetragonus.
1109 5017 1201 5090 quae
1218 4991 1438 5063 dominatur.
2054 4998 2062 5019 '

157 5109 196 5182 si
209 5121 334 5180 autem
351 5119 386 5178 et
402 5131 486 5200 pars
498 5107 665 5180 fortunae
681 5102 750 5174 erit
767 5103 805 5172 in
822 5103 932 5198 signis
947 5099 1056 5196 signi·
1167 5169 1171 5178 ,
1211 5095 1352 5190 Quibus
1374 5117 1461 5164 vero
1485 5091 1643 5163 articulis
1668 5103 1873 5183 temporum
1896 5083 1937 5159 hi
1958 5097 2105 5157 eventus

159 3487 359 3559 Servorum
375 3495 411 3554 et
424 3481 658 3554 dominorum
674 3480 889 3552 concordiae
903 3479 963 3552 vel
986 3478 1059 3554 dis·

71 3591 200 3660 cordiae
214 3599 408 3663 sumuntur
426 3611 468 3656 ex
484 3579 560 3658 llll.
577 3585 709 3670 domo,
735 3599 770 3656 et
784 3610 805 3656 a
821 3583 1056 3678 congruentia

69 3695 241 3764 stellarum
261 3691 340 3762 cius
351 3687 423 3760 loci
438 3689 476 3758 in
493 3689 632 3782 genesi,
666 3713 826 3761 seucum
843 3687 883 3760 in
903 3689 1056 3760 eundem

68 3793 179 3868 iocum
205 3795 389 3880 insistent,
422 3817 588 3866 seucum
613 3804 720 3863 erunt
743 3791 949 3888 oppositac;
981 3815 1058 3862 ma·

67 3899 157 3970 rime
174 3925 276 3984 vcro,
302 3923 384 3969 cum
408 3895 616 3967 dominator
638 3895 731 3988 signi
752 3897 828 3968 eius
850 3895 942 3980 loci,
975 3919 1057 3966 cum

67 4001 286 4076 dominatore
298 3999 501 4074 nativitatis
518 4001 696 4074 consentit
711 4011 775 4071 aut
789 3997 964 4073 dissentit.

376 4227 433 4296 De
455 4223 739 4318 peregrinatone.

66 5209 244 5286 beantibus
263 5209 614 5308 peregrinationem,
647 5219 722 5280 tota
740 5207 834 5296 vita,
867 5231 1055 5280 conversa·
1106 5197 1289 5284 accidant,
1315 5197 1530 5270 sumendum
1549 5207 1601 5266 est
1623 5217 1666 5266 ex
1689 5193 1861 5288 qualitate
1885 5203 2105 5295 temporum,

11 5353 13 5398 ‚
66 5313 114 5382 tio
128 5331 162 5386 et
175 5317 335 5390 actiones
355 5329 462 5388 erunt
478 5315 574 5408 apud
590 5327 739 5386 exteros.
1092 5303 1237 5399 'quibus
1254 5301 1420 5398 planetae
1445 5301 1491 5371 ad
1506 5299 1585 5370 loca
1603 5297 1842 5390 significantia
1860 5293 2104 5388 pervenerint.

158 5419 206 5492 Et
220 5447 300 5523 cum
316 5404 467 5522 benefici
481 5419 647 5516 planetae
665 5411 869 5510 adspiciunt
879 5411 1056 5510 significa-

66 5533 173 5598 torem
197 5525 390 5608 itinerum,
422 5536 485 5594 aut
510 5518 704 5596 succedunt
725 5519 777 5606 ci,
809 5529 914 5590 erunt
938 5519 1055 5588 clarae
1137 5545 1188 5607 η)
1204 5541 1414 5612 mannam]
1431 5539 1483 5595 na,
1498 5536 1574 5592 cass
1592 5538 1690 5588 amre
1705 5533 1840 5600 emm
1867 5522 2044 5596 amnas

11 5757 13 5798 l

11 5817 12 5838 i

11 6005 18 6085 i
