4738 6090
39 241 102 328 aa
508 240 585 318 nv.
610 231 1031 318 erimantium
1050 185 1575 320 Recenseamus..
1757 195 1800 244 '⁸
1852 173 1857 180 ⁸
1986 255 2064 332 aee

41 429 107 482 ustus
124 413 265 474 ioeaust
285 427 386 490 meos,
411 412 513 475 infnte
543 415 903 496 besousts·ttrtpuetteru
931 423 964 476 et
984 409 1207 478 lesemdan
1233 420 1308 480 meis
1334 409 1457 480 utilita'ti
1478 407 1709 498 laudique'esse
1735 375 1951 503 intelligantur.
1999 425 2063 486 Va-

40 509 86 567 leat
103 501 137 562 Τ.
152 499 189 560 Δ,
211 514 339 600 eantque
351 499 433 560 Deus
453 502 635 582 reipublicae
653 503 772 582 suisque
794 501 844 562 diu
866 502 1044 562 ineolumem
1056 511 1171 563 servet.
1211 503 1368 583 Basileae,
1390 501 1459 568 liti.
1473 505 1544 568 Kal.
1567 506 1720 584 Septemb.
1741 509 1827 568 Auno
1841 510 1953 570 Salutis
1967 508 2066 576 15⁸8·

225 641 286 710 Ad
302 641 482 708 candidare
502 643 694 729 Lectores,
716 644 900 736 Xpiu'ssdrs'
915 647 1116 736 praefatio,
1136 649 1298 716 editionis
1318 649 1419 716 baisse
1440 655 1609 716 rationem
1630 647 1860 738 sirmiense).

147 749 381 824 Quadriennium
407 755 466 814 iarn
492 753 559 815 iere
586 755 721 837 elapsum
749 768 796 820 est
825 759 863 820 ab
891 777 929 820 eo
950 768 1102 838 tempore,
1132 777 1191 836 quo
1211 756 1398 836 Philippeum
1417 755 1570 835 Euripidis
1599 754 1819 834 tragoediarum
1840 757 2062 818 translationem

41 841 152 903 basiem
173 839 216 898 ita
237 835 394 916 adornari,
421 851 453 902 ιιι
473 860 540 900 euru
561 841 678 922 aliqua,
711 845 880 923 etquidem
901 862 968 906 tneo
988 843 1108 904 arbitrio
1128 860 1188 902 noa
1209 841 1391 922 poenitenda
1411 841 1539 902 utilitate
1561 839 1758 900 studiosorum
1779 840 1933 904 ederetur.
1997 843 2065 913 Qua

42 930 72 990 de
89 941 117 986 re
138 941 203 984 cunt
226 921 335 983 dictum
357 925 394 984 sit
415 935 564 1006 utcunque
585 929 657 988 satis
677 945 715 990 ea
734 929 877 1010 epistola,
900 948 960 1010 qus
982 946 1049 990 eam
1070 928 1233 990 editionem
1253 927 1431 1006 amplissime
1452 927 1514 986 riro
1535 925 1575 987 D.
1596 926 1700 986 ioanni
1720 923 1872 1004 Baptistae
1887 926 2066 1006 Heinsellio,

43 1015 96 1074 Cos.
113 1011 280 1092 leguriano
302 1007 516 1094 dedicavimus:
543 1014 630 1093 plura
648 1012 777 1076 hicnon
799 1013 916 1077 addam.
958 1013 1116 1076 Enimvero
1138 1031 1204 1074 cum
1226 1011 1429 1092 typographus
1452 1011 1607 1072 divenditis
1628 1011 1847 1088 exemplaribus
1868 1030 1974 1072 noram
1997 1013 2065 1072 edi·

44 1101 133 1161 ionem
151 1095 322 1170 moliretur,
349 1113 525 1176 mecumque
554 1115 592 1158 ea
612 1099 652 1160 de
673 1117 709 1160 re
729 1101 981 1162 'communicaretr
1011 1099 1130 1160 tametsi
1158 1115 1239 1158 eram
1271 1099 1351 1159 varie
1378 1109 1553 1179 occupatus,
1580 1097 1670 1156 malui
1696 1103 1796 1155 umen
1818 1094 1977 1158 honestum
1997 1099 2062 1157 eius

45 1193 176 1258 anatum,
203 1179 371 1260 bonumque
397 1182 549 1261 publicum
574 1185 664 1244 etiam
693 1202 759 1244 meo
788 1204 855 1246 euru
883 1185 1065 1248 incommodo
1093 1184 1309 1263 dispendioque
1335 1183 1491 1260 adiurare,
1518 1200 1607 1261 quam
1628 1181 1824 1260 suspicionem
1844 1181 1954 1259 proditi
1975 1181 2065 1242 oiiirii

46 1271 75 1330 de
92 1285 134 1328 ne
155 1265 298 1327 excitare.
347 1265 454 1346 ltaque
482 1286 619 1348 operam,
647 1288 735 1349 quam
755 1272 855 1350 potui,
881 1271 912 1330 iu
934 1269 991 1330 boo
1013 1270 1100 1348 dedi,
1127 1277 1161 1328 ut
1188 1287 1249 1328 nou
1276 1269 1374 1332 denuo
1402 1278 1517 1328 tantum
1545 1267 1625 1346 typis
1651 1265 1870 1350 describeretur
1890 1268 2065 1347 Philippeus

46 1351 197 1434 Euripiden,
227 1350 282 1410 sed
302 1359 334 1410 et
355 1351 513 1414 eorrectior
534 1358 705 1434 auctiorque
726 1355 757 1414 in
779 1355 878 1416 lucem
899 1355 1044 1434 prodiret.
1097 1353 1227 1414 Primum
1255 1355 1335 1414 eninr
1360 1354 1478 1414 interea
1499 1352 1650 1412 Hecubam
1669 1350 1775 1411 Latine
1797 1368 1839 1412 ex
1859 1367 1913 1412 ore
1934 1353 1972 1412 D.
1993 1352 2066 1412 Phi·

48 1441 105 1520 lippi
122 1433 320 1498 lielanthonia
340 1447 495 1516 exceptam
515 1449 619 1502 nactus
636 1440 787 1520 Oporiuus
806 1450 925 1516 noster,
945 1440 1017 1500 mibi
1039 1435 1133 1521 (quod
1154 1439 1185 1499 in
1207 1439 1329 1520 reliquis
1350 1437 1461 1500 iactum
1484 1437 1601 1498 ostendi
1625 1434 1799 1520 tragoediis)
1819 1437 1956 1518 praebuit
1976 1438 2066 1498 casti-

49 1521 153 1606 gandam
175 1530 208 1584 et
227 1521 470 1585 concinnandam.
522 1525 593 1584 Feci
613 1526 668 1586 hee
688 1543 748 1584 non
767 1526 939 1602 illibenter,
960 1535 992 1585 et
1014 1526 1174 1604 quiante,
1195 1543 1269 1604 opus
1290 1541 1330 1584 ne
1353 1533 1433 1584 esset
1453 1513 1635 1606 ἀκέφαλοι,
1654 1521 1805 1582 Hecubam
1827 1523 1867 1584 de
1888 1541 1954 1584 uteo
1974 1539 2067 1602 prae·

48 1627 200 1690 posueram,
228 1624 308 1666 nunc
327 1607 513 1688 Philippeum
533 1610 631 1687 robis,
658 1628 727 1670 mea
746 1611 880 1687 sublata,
907 1609 1051 1686 exhibeo,
1084 1619 1116 1668 ut
1138 1607 1301 1689 (quantum
1322 1609 1386 1670 eius
1414 1608 1481 1668 fieri
1508 1607 1621 1690 potuit)
1642 1626 1701 1668 una
1722 1608 1962 1690 oratioubique,
1987 1625 2065 1668 unua

50 1697 78 1755 sit
94 1695 189 1772 stpim.
237 1689 317 1752 Nam
342 1710 439 1752 meam
461 1694 580 1772 quidem
608 1695 709 1776 perire
736 1695 825 1756 iactis
845 1695 923 1756 iero.
972 1695 1157 1774 Iphigeniam
1180 1711 1299 1774 quoque
1320 1691 1497 1773 Tauricam,
1519 1695 1637 1770 ionem,
1666 1703 1697 1754 et
1717 1692 1880 1755 Herculem
1905 1694 2066 1770 iurantem,

50 1783 121 1860 priori
140 1777 271 1838 editione
291 1777 402 1838 incuria
422 1795 541 1857 eorum,
568 1781 672 1859 quibus
692 1779 838 1840 Basileam
858 1798 912 1851 aas
931 1779 1104 1860 perferendi
1130 1791 1233 1857 partes
1254 1779 1477 1855 mandaremus,
1503 1781 1703 1858 interceptae,
1729 1779 1771 1840 ita
1797 1789 1832 1840 ιιι
1858 1779 1979 1840 aliunde
2000 1799 2068 1840 cor·

52 1865 127 1944 rogari
145 1863 290 1943 tantisper
310 1861 481 1942 debuerint,
502 1865 635 1944 integras
653 1883 732 1926 nuuc
753 1865 872 1944 damus,
894 1866 1064 1946 optimaque
1084 1863 1145 1924 fide
1166 1882 1185 1924 a
1205 1865 1288 1926 uobis
1309 1865 1488 1928 emendatas.
1530 1867 1574 1926 Ac
1594 1881 1634 1924 ne
1655 1863 1734 1944 quod
1754 1863 1966 1945 Euripideum,
1987 1865 2068 1944 quod

55 1951 146 2030 quidem
166 1950 206 2010 ad
227 1967 281 2010 nos
302 1949 449 2030 perlatum
472 1959 567 2027 esset,
588 1951 691 2014 drama
711 1951 762 2012 hie
781 1952 1019 2028 desideraretur,
1047 1949 1252 2010 Stibliniauum
1280 1951 1557 2030 interpretationem
1569 1951 1715 2018 ‚Eteerras
1743 1952 1775 2010 iu
1801 1951 1863 2012 irue
1891 1951 1961 2010 addi
1980 1969 2068 2012 cora·

58 2039 134 2098 rinus.
178 2035 302 2096 (Ξοιιιιιιι
331 2035 410 2096 enirn
428 2035 580 2096 Electram
607 2053 673 2096 eam
701 2053 769 2098 esse
788 2037 940 2116 Euripidis
967 2037 1144 2116 genuinam
1171 2047 1202 2096 et
1230 2037 1272 2098 ita
1300 2045 1433 2113 constet,
1460 2048 1492 2100 ιιι
1521 2037 1612 2096 mirer
1632 2053 1718 2110 esse,
1746 2036 1815 2116 qui,
1841 2037 1942 2096 nescio
1962 2037 2068 2116 quibus

62 2121 202 2182 anactoria
222 2119 353 2198 inducti,
381 2121 420 2182 de
441 2138 478 2181 eo
499 2122 636 2190 dubitare
655 2123 777 2199 malint,
806 2141 895 2202 quarn
915 2124 967 2197 iis,
995 2140 1072 2201 quae
1092 2121 1275 2182 doctissimus
1296 2121 1383 2184 homo
1405 2122 1513 2182 Petrus
1533 2123 1698 2194 Victorius,
1726 2141 1793 2180 curn
1823 2140 1888 2184 earn
1916 2121 2069 2202 proferret

67 2203 235 2286 irlueeffl),
255 2206 413 2284 perhibuit,
433 2208 633 2287 acquiescere,
650 2209 826 2288 praesertim
846 2227 913 2268 cum
935 2218 968 2268 et
989 2225 1066 2286 quae
1087 2224 1128 2267 ex
1148 2225 1185 2267 ea
1204 2209 1236 2268 in
1257 2208 1410 2286 Lysandro
1431 2207 1673 2286 Plutarchusffl)
1694 2207 1803 2283 refert,
1823 2207 1873 2268 hio
1893 2217 2015 2285 extent,
2036 2219 2068 2270 et

66 2291 208 2352 adrerbum
230 2292 440 2371 reperiantur,
469 2311 547 2372 quae
567 2312 626 2354 uon
647 2297 689 2354 ita
709 2313 823 2374 panea,
850 2305 883 2354 ut
902 2293 1057 2354 dubitandi
1077 2293 1174 2354 locum
1194 2295 1383 2374 relinquant,
1402 2288 1489 2379 λόγῳ
1510 2295 1565 2359 ord.
1585 2296 1654 2354 citat
1675 2289 1915 2372 Stobaeusmj.
1968 2288 2070 2368 Vitam

9 2383 10 2394 ¹
62 2395 148 2456 quoque
167 2375 320 2456 Euripidis
340 2396 359 2436 a
379 2395 428 2438 me
450 2379 519 2440 olins
541 2381 735 2460 conscriptam
757 2382 917 2460 diligenter
937 2379 1127 2457 amplificari,
1155 2379 1186 2438 id
1207 2381 1286 2460 quod
1308 2392 1425 2460 gratum
1445 2399 1513 2442 esso
1534 2381 1624 2442 debet
1644 2380 1885 2460 Phileuripideis.
1937 2378 2016 2449 Quin
2039 2388 2071 2438 et

59 2463 158 2522 iudicem
177 2465 359 2543 comportari
381 2480 483 2526 earum
505 2465 742 2544 tragoediarum,
769 2485 843 2546 quas
865 2476 898 2528 ut
919 2467 956 2524 ab
976 2464 1121 2545 Euripide
1141 2467 1264 2545 scriptas
1282 2485 1302 2526 a
1320 2467 1382 2528 lide
1403 2467 1499 2547 dignis
1518 2466 1667 2528 autoribus
1695 2467 1839 2526 nominari
1863 2465 2072 2526 memineramr

58 2566 105 2606 un
122 2549 237 2628 quidem
259 2549 379 2608 uomina
400 2560 532 2628 tanturn,
560 2561 592 2612 et
620 2551 747 2612 frustula
775 2570 877 2612 earum
905 2546 1004 2631 aliqua
1031 2551 1071 2612 ad
1091 2569 1145 2612 nos
1165 2562 1298 2614 vetustas
1320 2563 1352 2614 et
1372 2554 1486 2612 incuria
1506 2552 1668 2628 maimum,
1698 2552 1883 2630 iniuriaeque
1902 2563 2071 2630 temporum

56 2635 256 2696 transmiserint.
298 2635 336 2694 Ei
359 2637 491 2714 catalogo
513 2637 605 2698 addet
623 2638 700 2716 alia,
720 2638 771 2717 qui
792 2637 944 2711 inreuietr
965 2655 1022 2712 uoq
1042 2638 1123 2698 enim
1143 2639 1240 2698 obiter
1261 2637 1349 2698 modo
1370 2638 1427 2699 hoo
1447 2640 1571 2718 egimus.
1613 2637 1695 2696 Haec
1716 2634 1757 2718 (si
1778 2646 1860 2696 recte
1880 2633 1993 2716 iudico)
2014 2653 2071 2696 ne-

56 2737 100 2798 que
117 2721 328 2780 contemnenda
349 2731 395 2780 est
414 2721 516 2782 addita
535 2723 575 2784 ad
601 2724 785 2803 superiorem
814 2724 974 2786 editionem
995 2725 1140 2786 screatu:
1169 2734 1201 2784 et
1228 2743 1316 2804 quatu
1343 2735 1428 2806 grato
1455 2725 1560 2804 utique
1587 2721 1683 2782 auimo
1706 2733 1738 2782 et
1759 2722 1870 2801 optuma
1891 2731 1993 2782 mente
2014 2738 2072 2782 aa·

54 2805 141 2884 ripient
163 2808 201 2883 ii,
230 2825 304 2886 quos
324 2825 379 2866 sua
398 2808 565 2886 ingenuitas
584 2807 673 2872 docet
697 2827 737 2870 ex
757 2810 864 2870 alienis
885 2809 1031 2870 laboribus
1052 2828 1105 2870 sua
1126 2828 1236 2890 capere
1256 2829 1315 2890 quo
1336 2811 1426 2870 decet
1446 2809 1533 2869 ruodo
1555 2808 1717 2871 commoda.
1752 2808 1875 2888 ¹Neque
1896 2807 1976 2869 enim
1997 2825 2073 2888 ope-

54 2907 93 2950 rae
111 2893 239 2972 pretium
261 2892 398 2952 existimo
419 2894 455 2953 iis
475 2895 659 2974 respondere
680 2894 737 2954 hoc
759 2896 839 2972 loco,
861 2896 913 2974 qui
933 2913 988 2976 pro
1009 2897 1110 2973 pueris
1131 2907 1163 2960 et
1184 2897 1351 2957 rudioribus
1371 2896 1518 2954 institutas
1530 2894 1695 2954 huiusmodi
1708 2895 1881 2976 optimorum
1898 2895 2072 2974 scriptorum

51 2977 182 3036 versiones
210 2977 262 3036 rel
290 2987 497 3056 centemnunt,
524 2981 575 3040 rel
605 2981 798 3042 criminantur
826 2983 924 3042 etiam.
983 2981 1082 3040 Setius
1109 2999 1175 3042 esse
1200 2985 1290 3062 puto,
1317 2982 1374 3042 boe
1400 2981 1430 3039 io
1453 2997 1566 3060 gauere
1586 2981 1676 3040 fidem
1697 2982 1734 3040 iis
1762 2979 1921 3058 adbibere,
1948 2981 1999 3058 qui
2020 2995 2072 3040 suo

51 3058 233 3122 emolumento
254 3063 374 3142 experti
394 3074 555 3142 testantur,
582 3067 758 3143 praesertim
780 3065 842 3144 his,
870 3067 921 3147 qui
942 3067 1010 3126 viee
1030 3063 1163 3128 docentis
1183 3086 1257 3128 voce
1278 3068 1497 3144 destituuntur,
1521 3065 1687 3126 huiusmodi
1707 3066 1837 3145 opellam
1858 3065 1981 3125 mirifice
2001 3083 2073 3144 pro·

50 3147 129 3208 dese.
179 3147 249 3208 Non
270 3165 365 3227 nego,
392 3150 484 3209 multo
511 3151 695 3230 splendidius
715 3161 806 3230 atque
826 3152 1182 3231 accuratius'Euripidem
1211 3155 1341 3231 potuisse
1370 3154 1401 3210 in
1422 3151 1561 3214 Latinum
1582 3169 1749 3211 sermonem
1772 3151 1957 3226 transscribi,
1984 3167 2072 3238 quam
2140 3155 2144 3160 '

49 3231 91 3292 lae
110 3243 209 3293 nostra
229 3235 375 3312 editione,
396 3234 530 3313 adeoque
552 3236 699 3310 omnium,
720 3255 792 3317 quas
813 3253 868 3316 ego
889 3237 1031 3316 viderim,
1052 3239 1089 3296 sit
1108 3237 1231 3298 iactum.
1272 3237 1334 3297 lrno
1359 3238 1447 3298 etiam
1469 3238 1590 3312 hortor,
1610 3238 1745 3316 adeoque
1766 3238 1895 3296 obtestor
1915 3251 1984 3310 eos,
2006 3235 2073 3316 quiq

49 3317 91 3378 bus
115 3320 170 3379 hoo
196 3319 368 3380 eruditionis
383 3313 427 3380 'et
457 3323 508 3380 otii
534 3319 722 3400 suppeditat,
748 3333 781 3382 ut
801 3321 976 3403 Euripidem
1003 3323 1046 3384 ita
1074 3321 1193 3382 civitate
1213 3321 1346 3384 Romana
1366 3323 1497 3401 donent,
1527 3339 1567 3382 ue
1594 3324 1666 3404 quid
1687 3323 1836 3384 Graecum
1857 3340 1946 3401 porro
1968 3324 1999 3380 in
2024 3337 2073 3398 eo,

50 3417 121 3464 extra
140 3407 283 3466 sermonis
302 3406 394 3464 nativi
414 3407 674 3486 incomparabilem
695 3418 881 3469 venustatem
902 3416 992 3487 atque
1012 3410 1217 3487 maiestatem,
1234 3409 1437 3470 desideretur.
1478 3409 1542 3468 Hoc
1564 3411 1616 3489 qui
1636 3409 1816 3491 praestabit,
1836 3409 1862 3468 is
1882 3425 1995 3468 sommo
2017 3406 2073 3467 sibi

49 3507 135 3550 mnes
154 3493 298 3550 bonarum
317 3491 483 3552 litterarum
502 3493 647 3552 studiosos
667 3493 828 3572 beneficio,
855 3493 983 3553 maxime
1004 3496 1133 3554 omnium
1155 3511 1224 3572 eus,
1253 3497 1303 3575 qui
1327 3496 1446 3554 Graeca
1473 3511 1534 3554 nou
1562 3495 1703 3572 audiunt,
1731 3495 1917 3572 devinxerit,
1945 3508 2072 3572 remque

47 3577 157 3654 wenni
186 3577 304 3657 diguam
332 3577 422 3637 laude
447 3587 538 3656 atque
565 3579 659 3658 gloria
685 3579 858 3642 coniecerit.
907 3579 1019 3640 Verum
1047 3581 1128 3640 idem
1155 3579 1274 3640 interim
1296 3581 1334 3642 D.
1355 3579 1486 3662 Philippi
1515 3581 1666 3642 eonsilium
1691 3577 1751 3660 (ad
1772 3579 1851 3660 quod
1871 3599 1925 3640 nos
1944 3581 2075 3640 rationes

48 3673 145 3722 nostras
164 3661 212 3722 hic
233 3662 453 3723 accommodare
474 3681 598 3724 necesse
619 3661 788 3747 habuimus)
806 3685 866 3726 non
888 3663 1090 3744 damnaverit,
1123 3667 1174 3746 qui
1200 3665 1241 3726 itu
1268 3669 1461 3746 interpretari
1489 3665 1694 3746 dignatusest
1717 3667 1847 3728 divinum
1874 3676 2013 3744 poetam,
2040 3673 2074 3722 nt

50 3747 153 3826 adipso
174 3767 294 3829 quoque
314 3749 453 3810 vocabula
480 3749 693 3810 consideranda
720 3762 810 3830 atque
831 3749 1036 3828 cognoscenda
1057 3753 1141 3831 quasi
1161 3771 1250 3812 mauu
1278 3753 1420 3814 lectorem
1441 3754 1472 3812 io
1493 3751 1630 3816 Graecae
1657 3753 1779 3832 liuguae
1801 3752 2013 3812 exercitatione
2035 3748 2074 3806 ti·

51 3833 172 3894 recinium
191 3835 311 3914 aliquod
331 3835 535 3916 depositurum
556 3836 730 3898 deduceret.
772 3835 831 3906 Qui
852 3855 925 3896 rero
945 3837 1002 3896 iam
1024 3839 1141 3896 rudiunt
1162 3847 1269 3916 putam
1290 3840 1434 3898 rationem
1455 3857 1514 3896 non
1537 3855 1603 3900 esee
1624 3838 1807 3900 hahendamr
1833 3838 1868 3897 iis
1889 3833 2074 3914 cogitandum

52 3920 157 3998 nando,
178 3921 333 3980 uellentne
349 3939 386 3981 eo
408 3931 562 4004 ternpore,
582 3941 639 4001 quo
661 3923 717 4004 ipsi
735 3923 847 3982 erudiri
867 3923 994 4001 primum
1017 3933 1196 4002 coeperunt,
1219 3923 1348 3983 eundem
1369 3923 1420 4000 iis,
1439 3939 1496 4006 per
1511 3941 1584 4004 quos
1595 3923 1807 4003 proiecerunt,
1827 3922 1920 3981 luisse
1933 3921 2073 3979 animant.

48 3997 83 4060 Et
100 4023 162 4065 reru
183 4019 214 4068 ut
236 4025 317 4066 nunc
337 4017 407 4066 aunt
427 4024 496 4082 res,
522 4019 558 4090 ιιι
578 4009 691 4088 studia,
720 4017 753 4070 ut
774 4009 930 4068 industriae
957 4007 1036 4068 haud
1064 4009 1142 4086 scio,
1163 4027 1201 4068 an
1223 4007 1330 4070 fideles
1349 4018 1561 4088 praeceptores
1589 4011 1640 4070 vel
1670 4010 1803 4090 inprimis
1825 4007 1880 4066 hoc
1902 4006 1961 4064 suis
1982 4019 2073 4083 agere

52 4083 163 4182 debeant
189 4093 455 4170 lucubrationibus,
487 4105 520 4153 ut
545 4093 708 4155 rudioribus
735 4106 788 4155 aut
813 4103 1039 4176 praeceptorum
1068 4111 1126 4172 ope
1155 4091 1303 4156 destitutis
1324 4111 1499 4173 quocunque
1521 4091 1607 4156 modo
1628 4095 1666 4156 ad
1688 4089 1883 4156 eruditionem
1904 4087 2074 4169 adspirandi

51 4187 116 4230 ”tm
133 4179 321 4255 patefaciant.
364 4177 427 4240 Sed
447 4178 523 4240 baec
544 4178 593 4239 bio
613 4178 739 4258 satis†).

162 4282 236 4342 liuic
248 4281 448 4342 idelauthouie
468 4283 708 4364 interpretationi
720 4281 817 4342 xvttt
832 4284 999 4363 tragoedias
1009 4280 1160 4360 Euripidis
1171 4281 1331 4341 ooutineuti
1344 4299 1402 4339 una
1415 4291 1528 4351 tuntum
1543 4279 1722 4360 praecessit,
1742 4295 1820 4359 quae
1845 4263 1964 4338 ea'sdem
1977 4273 2074 4338 xviii

50 4373 112 4444 trag.
125 4369 337 4447 complectitur,
357 4385 467 4447 nempe
479 4363 657 4446 liudolplts‘
668 4365 806 4444 Callisti,
827 4369 953 4430 Sebolae
967 4368 1130 4450 'ligurinae
1143 4365 1337 4444 Professoris,
1359 4367 1440 4425 cuins
1454 4369 1566 4444 tersio,
1579 4367 1631 4426 sed
1647 4365 1712 4444 ipso
1727 4365 1829 4444 inscio,
1849 4365 1904 4423 sub
1919 4363 1987 4421 ficto
1999 4355 2075 4422 Do·

51 4447 143 4512 rorici
155 4451 293 4518 Cueeiiis'
304 4453 424 4514 nomine
438 4455 565 4534 primum
572 4453 707 4516 Basileae
722 4451 819 4520 titt.
833 4451 865 4518 ⁸.
883 4455 1005 4534 prodiit,
1018 4457 1186 4530 iterumque
1198 4451 1307 4514 ibidem
1323 4449 1419 4514 tene.
1433 4449 1468 4514 8.
1491 4451 1590 4512 addita
1603 4449 1685 4513 XIX.
1698 4451 1852 4532 tragoedia
1866 4449 1986 4508 Electra
1994 4442 2072 4530 ††).
2098 4473 2112 4488 ·

75 4705 103 4776 'l
121 4713 166 4767 Ele
180 4711 324 4779 Xylattdt'l
340 4709 477 4778 praelatio
493 4707 612 4760 uterina
630 4707 759 4760 editionis
777 4721 804 4761 ts.
824 4709 900 4762 teet.
921 4709 965 4759 esi
980 4701 1125 4772 inscipta.
1160 4709 1239 4762 {suo
1256 4705 1457 4774 praetutium
1474 4707 1500 4761 b.
1516 4706 1536 4758 i.
1554 4705 1691 4770 integrus
1708 4705 1815 4758 ιιιιιιι.

74 4811 120 4880 ⁸)
136 4819 215 4870 anno
228 4815 316 4882 ibib„
332 4815 398 4868 vide
415 4826 502 4880 supra
519 4813 652 4878 petiae
670 4809 857 4876 samarit).
869 4841 905 4856 -
920 4811 963 4864 Ee
974 4809 1140 4866 aduiusus
1155 4809 1297 4878 Euripidis
1313 4807 1544 4874 interpretatione
1562 4817 1649 4874 sopra
1665 4805 1749 4872 urei
1758 4821 1801 4872 sq.
1820 4803 1927 4867 noue)
1945 4801 2073 4862 diximus.

77 4915 126 4958 Ν
157 4923 229 4974 i’iut.
246 4919 345 4972 vitali
369 4918 465 4972 sundri
483 4931 506 4970 o.
522 4917 563 4970 te.

78 4919 158 5092 Ni)
176 5025 314 5076 stobsene
331 4935 368 5074 uf
381 5021 517 5088 Eloriieg.
536 5023 624 5073 serra
641 5019 686 5075 84.
703 5017 851 5086 antiquior.
870 5017 956 5072 netu.
976 5017 1080 5086 (seru.
1096 5017 1139 5069 aa.
1157 5016 1220 5080 μ.
1238 5015 1288 5068 tta
1308 5012 1465 5080 ausimd)
1481 5015 1572 5068 iocum
1588 5015 1720 5068 Electrae
1736 5009 1877 5076 Euripidis
1895 5009 1990 5062 sieri.
2023 5027 2030 5047 -·

81 5121 113 5189 t)
129 5129 176 5182 iiis
192 5127 286 5182 verbis
303 5129 397 5182 initur
415 5127 557 5194 lisisndri
574 5127 603 5180 in
620 5127 739 5180 atteram
756 5125 905 5180 editionem
921 5124 1002 5180 iunius
1017 5121 1086 5179 iibri
1101 5117 1250 5190 praelatio.

83 5223 135 5292 ἢ)
157 5234 243 5286 liuius
261 5231 501 5298 interpretationis
519 5231 605 5283 editio
622 5233 770 5299 princeps,
795 5241 864 5295 quse
881 5229 911 5280 in
927 5231 997 5282 ereis
1013 5229 1096 5282 libris
1112 5228 1176 5290 est,
1194 5224 1238 5276 sio
1254 5225 1299 5275 est
1316 5221 1466 5287 inscripta:
2014 5285 2020 5298 ι

188 5303 343 5369 Euripidis
363 5306 468 5370 poetes
490 5302 691 5367 antiquissimi
714 5313 750 5353 ec
774 5301 1001 5368 supimisriesi,
1031 5297 1224 5364 danicorum
1247 5291 1318 5346 aeri
1342 5296 1392 5352 (ssi
1416 5293 1502 5345 Picio
1519 5293 1548 5342 et
1565 5288 1741 5343 Aristoteles
1758 5287 1924 5345 tasisuirtr)
1943 5297 2071 5368 marsuas

185 5373 193 5390 '
237 5373 395 5438 principis,
421 5373 563 5436 caiusque
578 5373 711 5436 stupetur
734 5381 840 5423 sersus
857 5372 977 5437 mpetu
993 5381 1025 5422 se
1041 5363 1209 5421 testimonis
1232 5361 1274 5415 it.
1293 5361 1395 5415 vicero
1410 5365 1519 5428 putare
1536 5361 1598 5425 sii,
1625 5359 1807 5424 Euenus
1825 5355 1942 5408 iiiiii.
1964 5366 2071 5416 arsqu-

238 5443 300 5494 iori
317 5455 396 5494 auur
410 5443 538 5506 priorum
554 5441 711 5508 dumsatio
728 5451 766 5492 ae
787 5438 845 5506 ptis
870 5452 925 5505 per
940 5437 1119 5492 Eorettesss
1137 5431 1292 5485 (lauritium
1309 5433 1338 5484 ei
1354 5431 1447 5486 Latio
1464 5431 1608 5496 δοοοιοο,
1632 5431 1661 5482 si
1678 5432 1712 5480 trs
1729 5429 1822 5478 taren
1839 5427 1942 5479 eduae.
1986 5425 2070 5486 Qus-

237 5524 304 5566 rues
320 5509 488 5575 catatonum
505 5521 595 5564 serso
616 5511 719 5564 statiua
734 5510 852 5577 praetio
869 5510 1006 5575 menes.
1043 5505 1209 5560 istm
1224 5513 1335 5570 meuse
1351 5503 1387 5554 de
1403 5501 1513 5556 Peetor
1530 5501 1611 5564 sits,
1630 5501 1659 5552 et
1679 5495 1825 5552 seniendi
1841 5495 1961 5549 rsiisrss
1978 5503 2069 5557 ease·
