4748 6108
62 219 119 292 ua
497 209 603 285 axa.
654 211 1053 287 mraueaarauo
1083 207 1307 284 natanta
1341 149 1594 283 eumuna.

59 389 117 464 495
138 389 229 459 Uxor
243 384 313 456 alia
331 380 468 454 habitat
485 384 522 452 in
541 380 609 454 lrac
625 389 746 457 domo.
1121 387 1264 481 Ubique
1281 398 1458 454 terrarum

96 493 182 562 llixit
194 513 270 560 cam
286 511 359 560 esse
372 487 480 556 liliam
498 483 611 569 lovis;
1121 493 1327 559 Admovens
1342 491 1469 580 pedem
1485 486 1618 556 marini

16 569 18 696 l
95 596 154 666 sed
168 594 255 664 forte
271 603 324 662 est
341 591 470 686 aliquis
484 592 557 675 vir,
573 591 645 685 'qui
660 587 767 664 habet
783 591 1018 666 nomenlovis
1120 591 1305 682 Remitte)
1324 617 1366 662 ex
1383 603 1477 660 terra
1496 589 1671 660 Troiana.

94 700 140 768 lld
168 696 281 787 ripam
303 693 394 774 Nili;
433 717 518 763 nam
550 694 612 788 qui
640 693 678 763 in
711 697 811 766 coelo
835 709 905 782 est,
937 697 1017 767 uni·
1069 687 1145 767 655
1171 699 1246 768 Hel.
1268 696 1317 764 tu
1330 717 1395 786 ego
1409 696 1453 764 ad
1470 695 1589 764 sedem
1606 689 1711 763 huius
1727 685 1906 785 sepulchri
1921 690 2065 780 iterum·

176 787 180 796 ’
440 820 501 866 cus
517 808 579 868 est.
907 807 941 876 s
1119 799 1249 884 Vado,
1301 810 1492 893 postquam
1533 797 1686 887 cognovi
1721 791 1848 866 charos
1882 812 2063 865 sermones

92 901 153 970 Ubi
169 910 343 970 terrarum
357 912 409 969 est
423 897 573 990 Sparta,
598 900 667 971 nisi
689 901 739 970 ibi
761 913 921 988 tantum,
955 902 1017 974 ubi
1480 895 1692 983 Theonoes,

435 1002 569 1072 fluenta
1120 1005 1223 1096 Quae
1239 1004 1361 1072 omnia
1376 1004 1466 1073 bene
1483 1003 1565 1083 scit;
1593 1002 1680 1072 dicit
1693 1015 1813 1072 autem

16 1095 18 1164 l
54 1104 111 1178 500
132 1104 217 1176 Sunt
231 1101 408 1186 Eurotae,
436 1105 498 1198 qui
514 1100 621 1174 babet
637 1099 804 1196 pulchros
820 1104 996 1176 calamos?
1118 1106 1240 1176 Meum
1257 1107 1426 1176 maritum
1446 1105 1625 1174 viventem
1642 1105 1775 1176 intueri
1789 1105 1926 1185 lucem,

89 1207 199 1278 Unum
214 1217 267 1277 est
283 1231 417 1276 nomen
432 1205 637 1300 Tyndarei,
664 1210 760 1300 quod
778 1209 827 1278 sic
845 1222 1005 1280 vocatur.
1120 1208 1167 1278 Et
1181 1205 1410 1302 navigantem
1427 1209 1705 1279 innumerabiles
1719 1207 1888 1278 traiectus
1904 1225 2025 1274 errare

88 1309 136 1378 An
151 1321 202 1380 est
217 1309 337 1403 aliqua
353 1322 468 1391 terra,
496 1333 588 1403 quae
612 1309 705 1377 idem
731 1334 863 1380 nomen
887 1307 1018 1382 babeat
1070 1307 1146 1383 540
1173 1311 1250 1382 Huc
1268 1326 1303 1381 et
1326 1313 1428 1397 illuc,
1463 1335 1578 1406 neque
1602 1311 1870 1380 inexercitatum
1895 1309 1986 1379 sicut
2008 1327 2061 1373 er-

436 1435 515 1481 cum
532 1411 821 1497 Lacedaemone,
1479 1440 1586 1484 cortes

85 1511 124 1582 Et
138 1513 275 1584 Troia?
302 1538 367 1604 ego
384 1527 477 1583 certe
493 1539 567 1583 non
582 1511 718 1598 habco,
746 1515 831 1610 quid
849 1513 978 1585 dicam.
1118 1515 1340 1601 Venturum,
1383 1519 1528 1612 quaudo
1557 1501 1761 1609 pervenerit
1785 1517 1830 1584 ad
1857 1515 1963 1582 linem
1985 1533 2060 1578 ma·

86 1615 199 1698 Multi,
226 1631 268 1687 ut
283 1618 445 1700 videtur,
473 1618 510 1686 in
527 1617 675 1688 diversis
690 1618 895 1709 regionibus
1477 1620 1608 1691 lorum.

16 1713 17 1744 ¹
50 1713 103 1788 505
125 1717 267 1789 Habent
283 1721 408 1790 eadem
423 1720 594 1804 nomina,
621 1733 656 1790 et
678 1720 803 1791 civitas
824 1743 904 1795 cum
933 1715 1016 1787 civi·
1118 1719 1240 1790 Unum
1255 1745 1330 1790 nou
1347 1722 1454 1806 dixit,
1481 1747 1569 1793 num
1584 1723 1702 1796 salvus
1717 1722 1763 1793 sit
1780 1731 1960 1790 venturus.

431 1836 524 1905 tate,
1118 1821 1195 1912 Ego
1212 1837 1331 1892 autem
1351 1825 1386 1894 id
1403 1825 1607 1916 percontari
1620 1825 1741 1916 palam
1759 1819 1880 1905 nolui,

81 1923 119 1994 Et
146 1926 277 2000 mulier
307 1947 387 1996 curn
424 1927 589 1996 muliere:
634 1952 707 1998 non
739 1941 791 1999 est
815 1925 924 2018 igitur
950 1921 1015 1990 mi·
1119 1923 1318 2008 Delectata,
1346 1929 1443 2021 quod
1461 1951 1541 1998 eum
1558 1927 1697 1998 salvum
1713 1922 1803 1996 milri
1819 1949 1892 1998 esse
1909 1919 2018 2004 dixit,

437 2029 605 2103 randum.
1068 2023 1144 2098 545
1169 2025 1214 2096 Et
1229 2051 1325 2098 nunc
1342 2055 1455 2122 prope
1472 2025 1564 2098 hanc
1579 2043 1711 2100 terram

79 2129 193 2224 Neque
208 2131 386 2224 fugiemus
404 2130 562 2202 terribile
579 2131 673 2204 istud
690 2129 823 2204 dictum
841 2129 1002 2200 ancillae.
1116 2127 1278 2198 Eiectum
1296 2134 1484 2224 naufragio
1503 2158 1582 2202 cum
1597 2133 1721 2225 paucis
1735 2129 1851 2203 sociis.

82 2232 231 2314 „Nullus
248 2235 305 2302 vir
320 2247 372 2304 est
387 2245 461 2303 tam
477 2235 634 2305 barbaro
652 2233 795 2319 animo,
1120 2232 1266 2302 Utinam
1284 2235 1426 2319 venias,
1453 2259 1561 2330 quam
1579 2235 1800 2306 desideratus
1815 2231 1948 2302 venies.

78 2335 171 2428 „Qui
188 2336 315 2408 audito
331 2361 413 2408 meo
429 2339 597 2423 nomine,
623 2361 698 2406 non
721 2339 767 2408 sit
791 2339 941 2408 daturus
968 2333 1015 2402 ci·
1118 2341 1193 2425 Age
1208 2337 1288 2431 quis
1303 2351 1355 2408 est
1371 2337 1461 2409 iste?
1486 2362 1562 2408 nou
1579 2363 1725 2432 possum
1741 2331 1967 2428 abscondil')

431 2441 517 2510 bum
527 2439 588 2538 ⁸⁷).
1117 2438 1272 2531 Propter
1285 2441 1432 2513 insidias
1447 2441 1551 2534 impii
1570 2443 1636 2512 lilii
1648 2441 1792 2526 Protei,

42 2531 97 2608 510
119 2540 234 2614 Notus
267 2553 320 2614 est
346 2540 439 2632 ignis
461 2542 613 2624 Troiae;
654 2567 738 2634 ego,
779 2543 840 2636 qui
870 2539 1015 2610 accendi
1067 2537 1143 2612 550
1169 2541 1253 2613 Non
1266 2555 1440 2640 tanquam
1458 2569 1550 2640 equa
1565 2567 1731 2628 currens,
1757 2555 1819 2614 aut
1833 2533 2060 2611 mulierBae-

371 2685 378 2698 ·
431 2645 566 2737 ipsam,
1476 2643 1575 2717 chica
1592 2647 1721 2718 insana

16 2743 17 2752 ’
75 2744 254 2818 Menelaus
270 2767 346 2815 non
361 2767 440 2817 sum
457 2748 600 2840 ignotus
617 2747 655 2816 in
676 2747 747 2816 ulla
766 2745 925 2837 regione.
1116 2749 1329 2820 Admovebo
1345 2751 1471 2842 pedem
1488 2745 1697 2844 sepulchro;
1724 2747 1815 2818 truci

73 2845 275 2942 Expectabo
291 2849 479 2920 domiuum
497 2854 643 2930 domus;
668 2852 730 2922 sed
745 2849 804 2918 illa
823 2873 879 2921 res
894 2844 1001 2919 habet
1118 2853 1297 2943 Adspectu
1315 2865 1367 2924 est
1385 2853 1469 2937 iste,
1496 2853 1559 2948 qui
1577 2877 1634 2924 me
1650 2865 1802 2922 venatur
1816 2847 2001 2918 abducere.

16 3021 17 3034 ἶ
75 2949 258 3045 Duplicem
282 2953 497 3024 cautionem.
550 2952 588 3023 si
603 2965 655 3023 est
670 2951 842 3036 crudelis,
1115 2955 1213 3023 Man.
1241 2953 1294 3022 Te
1308 2955 1536 3026 festinantem
1554 2959 1597 3024 ad
1617 2955 1810 3028 terribilem
1829 2951 1982 3028 fossam,

72 3051 262 3128 Occultans
276 3077 353 3138 me,
379 3055 439 3125 ibo
457 3057 502 3125 ad
515 3055 645 3126 fractas
658 3057 797 3126 tabulas
811 3055 930 3134 navis;
1114 3052 1161 3122 Et
1178 3057 1222 3124 ad
1238 3056 1424 3127 columnas
1440 3055 1619 3151 sepulchri
1634 3060 1672 3127 in
1687 3059 1761 3152 igni
1774 3057 1885 3126 factas
1898 3071 2002 3119 voco.

37 3149 94 3226 515
118 3157 154 3228 Si
171 3183 263 3230 vero
280 3181 318 3228 se
331 3158 470 3227 facilem
486 3159 710 3250 praebuerit,
736 3157 933 3228 necessaria
1064 3151 1141 3227 555
1183 3157 1309 3241 Mane,
1358 3183 1470 3253 quare
1501 3159 1616 3252 fugis?
1656 3175 1697 3231 ut
1731 3157 1920 3230 ostendens
1954 3163 2058 3221 tuum

71 3257 256 3333 Praesenti
275 3261 472 3330 calamitati
488 3273 621 3354 petam.
1471 3287 1618 3356 corpus,

70 3357 152 3434 lllud
187 3361 283 3434 milri
320 3376 519 3460 extremum
553 3365 731 3434 malorum
767 3373 908 3453 praeter
942 3361 1009 3428 alia
1114 3363 1307 3433 Terrorem
1324 3363 1428 3435 nobis
1445 3377 1480 3435 et
1497 3379 1680 3458 stuporem
1698 3367 1816 3439 offers.

431 3468 525 3536 mala
550 3481 621 3550 est,
1113 3469 1190 3540 rtet.
1217 3467 1363 3539 Afficior
1379 3468 1532 3554 iniuria,
1559 3495 1581 3539 o
1600 3469 1785 3554 mulieres,
1812 3488 1938 3538 arceor

70 3565 170 3660 Quod
186 3569 235 3640 ab
252 3565 334 3639 aliis
349 3569 531 3662 tyrannis,
557 3569 633 3662 ipse
653 3593 735 3652 rex,
859 3627 862 3634 .
1113 3567 1348 3662 Asepulcbro
1366 3571 1411 3638 ab
1426 3567 1494 3642 boc
1509 3573 1609 3657 viro,
1633 3585 1672 3642 ct
1688 3599 1746 3644 me
1763 3571 1906 3666 rapiens
1921 3566 2000 3637 vult

67 3667 188 3744 Petere
204 3693 320 3764 cogor
334 3671 485 3752 victum;
511 3674 573 3743 sed
588 3671 826 3742 necessarium
844 3684 906 3741 est.
1112 3671 1208 3742 Dare
1223 3675 1319 3764 regi,
1346 3673 1446 3744 cuius
1462 3677 1606 3768 nuptias
1622 3675 1740 3774 effugi.

28 3761 88 3844 ⁵20
111 3773 230 3860 „Non
246 3787 302 3846 cst
314 3795 414 3844 meus
428 3799 567 3860 sermo,
593 3776 654 3846 sed
676 3773 898 3866 sapientum,
1063 3773 1137 3846 560
1152 3777 1248 3850 Me».
1268 3777 1350 3848 Non
1364 3801 1442 3847 sum
1459 3779 1529 3860 fur,
1555 3803 1674 3875 neque
1687 3779 1849 3850 minister
1866 3773 2056 3846 malorum.

65 3873 188 3956 „Nihil
207 3901 287 3952 esse
306 3877 482 3949 valentius
497 3878 598 3969 gravi
613 3879 832 3949 necessitate.
1060 3935 1067 3946 .
1111 3881 1186 3950 ffel.
1201 3880 1313 3975 Atqui
1326 3881 1524 3952 deformem
1537 3895 1672 3954 vestem
1686 3881 1797 3956 habes
1809 3882 1902 3952 circa
1917 3895 2057 3966 corpus.

1111 3985 1210 4054 Men.
1225 3983 1348 4054 Statue
1366 3985 1516 4056 celerem
1532 3989 1671 4078 pedem,
1693 3987 1861 4056 omittens
1877 3983 2057 4052 timorem.

377 4039 647 4142 [symm]
1112 4087 1188 4154 Hel.
1213 4085 1327 4170 Sisto‚
1354 4101 1544 4182 postquam
1563 4089 1662 4180 attigi
1680 4085 1775 4159 hunc
1793 4089 1911 4156 locum
1920 4082 1980 4179 ⁸⁸).

61 4178 154 4250 Olor.
184 4175 324 4250 Audivi
341 4175 580 4273 fatidicam¹⁸)
596 4179 772 4270 puellam,
1110 4187 1207 4256 Men.
1248 4187 1350 4281 Quae
1387 4187 1448 4260 es?
1490 4213 1599 4283 quam
1629 4203 1726 4260 tuam
1754 4191 1907 4282 speciem
1937 4185 2055 4270 video,

60 4276 159 4372 Quae
172 4280 367 4373 respondit
382 4280 420 4348 in
434 4280 532 4370 regia
1481 4289 1635 4360 multer?

57 4375 196 4471 Domo,
223 4385 325 4479 quod
341 4382 525 4454 Menelaus
546 4385 707 4452 nondum
1060 4385 1136 4460 565
1161 4393 1236 4464 ffel.
1264 4391 1322 4462 Tu
1346 4415 1432 4462 vero
1458 4391 1623 4487 quises?
1654 4419 1720 4488 ego
1746 4393 1841 4466 idem
1857 4393 2054 4486 interrogo,

21 4475 80 4552 ⁵25
104 4487 208 4558 Abiit
227 4485 373 4577 nigrum
1470 4497 1565 4589 quod
1584 4509 1633 4566 tu.

53 4583 119 4658 Per
132 4590 321 4671 Erebum,
348 4589 543 4659 occultatus
559 4589 596 4656 in
619 4601 732 4666 terret
1106 4595 1205 4665 Men.
1232 4593 1425 4690 Nunquam
1444 4597 1519 4666 vidi
1535 4597 1745 4669 similiorem
1761 4620 1926 4692 corpore.

53 4686 384 4784 Sedadhucsupra
403 4693 518 4762 undas
1108 4695 1141 4764 O
1176 4696 1254 4776 Dii;
1308 4723 1390 4768 nam
1427 4697 1494 4769 Dei
1530 4702 1740 4772 beneficium
1778 4714 1829 4772 est
1864 4725 2054 4794 agnoscere

51 4787 230 4880 Venatus,
260 4797 421 4864 nondum
441 4806 565 4886 portus
1465 4805 1611 4874 amicos.
2018 4799 2024 4808 ¹

50 4889 197 4972 Patriae
214 4897 332 4991 possit
354 4895 539 4988 attingere.
1057 4917 1264 4936 ·-·-··-

16 4985 70 5064 500
95 4999 179 5071 Vita
201 4999 357 5070 erratica
374 5011 498 5082 utens,
1086 4979 1467 5114 θθίέᾝέυἰμῑῑῖᾞηῗξ
1484 4985 1577 5108 peqqq.
1600 4987 1691 5050 roas„
1718 4985 1809 5048 atses
1845 4985 1928 5038 attat.
1953 4991 2057 5036 recem.

47 5095 174 5187 Miser,
199 5103 281 5174 Slsse
299 5103 435 5185 amlcls,
1083 5131 1132 5198 ἃ)
1151 5149 1206 5188 non
1224 5148 1335 5199 possum
1353 5137 1502 5201 abscondl]
1515 5145 1557 5193 sto
1571 5145 1654 5197 udin.
1669 5143 1760 5202 tabo,
1784 5139 1875 5202 156ος
1900 5141 1985 5192 Εᾱίῑι.
1999 5154 2045 5194 re·

1115 5209 1212 5338 ppppoq
1244 5209 1372 5270 ounqutd
1402 5211 1494 5270 tuln:
1531 5215 1659 5276 nouaquto
1685 5211 1910 5270 tortaJoccoltlr
1935 5211 2045 5262 tunultu

16 5245 208 5270 5⁵-

28 5345 72 5412 ⁸²)
91 5351 123 5402 ΙΙ.
142 5353 163 5408 ¹.
183 5351 214 5404 u
232 5349 323 5404 wo·
340 5349 432 5410 1568..
454 5347 529 5400 ¹⁵⁸2
549 5348 616 5400 aas·
633 5359 736 5414 ntra:
766 5343 882 5396 wlco·
898 5343 996 5396 Μαι·
1080 5357 1128 5424 ω)
1146 5359 1218 5411 anna
1236 5361 1340 5421 tamn]
1357 5363 1400 5428 an
1419 5367 1445 5414 n
1466 5375 1552 5429 marg.
1571 5367 1653 5415 rauce.
1668 5365 1757 5430 rasa,
1780 5365 1863 5420 aser,
1882 5365 1992 5418 scottae
2012 5371 2056 5422 u-

26 5429 69 5495 28)
88 5437 249 5498 tstltlosn]
268 5437 317 5490 aa.
334 5435 408 5488 tote.
426 5435 523 5486 nando
541 5435 683 5500 typam
708 5431 867 5486 vanum.
1113 5431 1372 5492 meraca-eamn:
1399 5433 1577 5494 uprlctrnn
1612 5431 1719 5484 Protst.
