4780 6102
82 191 151 262 801
483 191 574 266 LIII.
634 191 1034 274 INTERPIIE'I'ATIO
1060 193 1428 274 Auuuomacasss
1454 199 1703 278 EURIPIDIS.
2042 207 2118 282 602

130 362 329 434 Clamorem
343 365 391 434 de
409 365 534 451 nbis,
559 388 652 462 quas
669 383 709 442 tu
725 373 825 444 venis
838 373 1028 445 nuntians:
1464 371 1526 473 [S
1532 377 1684 466 trople
1710 373 1777 477 8.]

128 465 275 536 Videtur
289 479 475 538 ostermare
489 470 618 541 misera
632 525 642 555 ,
668 487 842 568 qnantum
858 477 1011 568 poterit,

127 569 154 638 F
156 583 275 642 actura
290 573 446 653 atrociaa
472 593 557 644 nam
576 578 731 646 excurrit
747 603 791 648 ex
808 581 976 662 aedibus,

73 669 150 747 825
169 673 714 794 Fugiensmanusministrorum
726 681 920 774 cupiditate
930 685 1067 754 mortis.
1121 713 1196 790 055
1223 715 1397 789 orbatam

408 841 627 944 [Stroplee
657 843 717 948 1.]
921 912 926 928 ‚
1171 821 1317 892 Marino
1333 843 1452 891 remo:

1169 925 1302 996 Perdes
1316 948 1395 1008 me,
1421 923 1549 1018 perdes
1568 950 1637 998 me.

1173 513 1291 580 Herm.
1306 507 1509 606 Reliquisti,
1536 501 1712 610 reliquisti
1725 485 1796 602 me,
1823 506 1975 610 opeter,
2001 517 2115 587 solam

1532 629 1705 714 tanquam
1722 631 1875 692 stantem
1888 617 1926 690 in
1942 617 2063 690 littore

123 983 237 1048 Ilerm.
264 975 331 1048 IIei
349 975 437 1050 mihi
445 977 789 1174 “libellulum
807 1007 932 1056 comae
949 999 984 1057 et
1000 1009 1067 1056 un-
1170 1026 1254 1100 Non
1269 1027 1423 1120 amplius
1436 1027 1474 1097 in
1489 1021 1558 1098 hac
1574 1023 1746 1100 habitabo

524 1107 598 1154 rum
634 1107 693 1154 oe-

263 1183 272 1199 ,
315 1183 324 1200 ,
490 1186 499 1202 ,
1170 1131 1469 1204 Maritalidomo.

122 1184 414 1360 walgffl‘e‘
430 1186 597 1308 &9³³¹ss
779 1293 788 1310 ,
1032 1296 1040 1312 ,
1120 1233 1194 1306 860
1222 1233 1331 1307 Cuius
1346 1247 1481 1306 statuas
1496 1231 1645 1328 supplex
1661 1231 1806 1328 petam?

209 1337 219 1356 ·
376 1339 387 1372 ⁹
421 1291 509 1384 ‘Imd
529 1289 663 1362 smel?
696 1293 827 1365 *ἥκω*
847 1297 1064 1368 ⁰⁰¹¹t¹¹m²l¹³
1169 1336 1226 1406 An
1241 1363 1342 1408 serva
1360 1337 1487 1408 cadam
1504 1339 1549 1408 ad
1564 1337 1705 1409 servilia
1723 1361 1838 1430 genua

479 1401 581 1464 mum
604 1395 760 1487 ⁰⁰rp⁰⁸l
1169 1437 1210 1508 In
1227 1453 1321 1510 terra
1338 1436 1499 1510 Phthia?

361 1553 675 1658 [Anumoppe
705 1561 767 1664 1‚]
1169 1543 1317 1614 Utinam
1335 1568 1446 1616 essem
1464 1541 1625 1614 caerulea
1645 1543 1740 1628 avis,

1167 1649 1240 1716 Aut
1255 1647 1360 1739 pinea
1376 1649 1498 1730 navis,
1525 1659 1588 1715 aut

76 1701 286 1871 &ham
315 1697 396 1870 quu
410 1693 500 1784 Μ’
527 1695 702 1820 heuheu!
738 1804 747 1820 .
1116 1745 1191 1822 865
1217 1747 1434 1842 Navigarem
1444 1745 1492 1846 ⁸⁰)
1508 1773 1573 1842 per
1590 1745 1773 1842 Cyaneum
1792 1743 1890 1816 littus

150 1831 168 1871 a
233 1821 330 1871 anae
373 1823 469 1874 mom
486 1827 506 1872 a
524 1803 766 1896 eaprflrsmers

117 1905 242 1975 Tenue
261 1905 394 1978 velum.
1166 1851 1289 1922 PrIma
1305 1851 1464 1944 navigio.
1697 1951 1706 1968 ·
2027 1949 2036 1966 ·

120 2013 210 2080 Fam·
236 2006 348 2092 Νὴ,
372 2019 451 2099 ,m
465 2019 608 2098 pectus,
632 2007 761 2102 eoffige
777 2011 948 2083 tunicam·
1166 1959 1259 2028 Fam.
1286 1953 1429 2040 Ofilia,
1462 1976 1579 2048 neque
1596 1965 1680 2022 tunc
1696 1951 1755 2020 rIIa
1774 1951 1877 2020 valde
1892 1947 2106 2044 laudavffl),

1165 2059 1321 2150 Quando
1343 2057 1496 2150 peccasti
1513 2057 1551 2124 in
1567 2053 1755 2124 mulierem
1771 2051 1988 2132 Troianam

407 2171 627 2276 [strophe
650 2174 715 2278 2,]
1164 2157 1289 2258 Neque
1305 2185 1402 2234 nuuc
1424 2173 1525 2232 tuum
1549 2153 1645 2228 hunc
1669 2169 1824 2242 metum,
1860 2181 1933 2252 quo
1955 2157 2109 2226 nimium

649 2271 653 2288 '
1524 2259 1640 2334 times.
1730 2269 1752 2310 ⁸

1112 2365 1188 2437 870
1213 2363 1298 2438 Non
1314 2365 1364 2438 sic
1380 2365 1528 2460 repellet
1542 2377 1644 2434 tuum
1661 2361 1882 2434 connubium
1899 2361 2072 2447 maritus,

1163 2469 1358 2568 Pepsuasus
1374 2469 1468 2540 mala
1486 2467 1649 2540 oratione
1666 2465 1843 2536 barbarae
1858 2463 2030 2538 mulieris.

1162 2571 1245 2642 Non
1262 2573 1359 2644 enim
1377 2567 1485 2642 habet
1500 2586 1534 2642 te
1550 2569 1727 2664 captivam
1744 2583 1786 2640 ex
1800 2567 1935 2656 Troia,

1160 2674 1230 2744 Sed
1244 2675 1311 2745 viri
1329 2673 1544 2768 praestantis
1560 2673 1668 2744 liliam
1686 2671 1863 2766 accipiens
1878 2699 1959 2745 cum
1975 2695 2106 2764 magna

357 2783 419 2892 [Α
428 2797 538 2866 „tm
550 2798 675 2886 popl„
700 2791 765 2895 2]
1159 2777 1275 2864 Dote,
1302 2793 1395 2850 etex
1409 2779 1498 2850 urbe
1513 2801 1588 2848 non
1605 2777 1835 2848 mediocriter
1849 2779 1967 2850 beata.

1110 2875 1185 2952 875
1212 2879 1256 2952 Et
1273 2894 1377 2973 pater
1394 2894 1429 2954 te
1447 2905 1543 2966 non,
1569 2879 1661 2952 sicut
1675 2893 1714 2950 tu
1729 2882 1878 2966 metuis,
1905 2881 1997 2963 lilia,

1160 2983 1335 3058 Deserens
1351 2985 1445 3056 sinet
1457 2983 1538 3054 eiici
1552 3009 1594 3054 ex
1610 2979 1677 3054 hac
1694 2986 1817 3058 domo.

1159 3087 1229 3158 Sed
1244 3089 1334 3158 vade
1349 3087 1466 3174 intro,
1492 3112 1609 3182 neque
1626 3087 1857 3180 conspiciaris
1873 3085 1978 3156 aedes

1158 3193 1251 3260 Ante
1267 3185 1350 3278 has,
1376 3215 1422 3260 ne
1438 3189 1603 3260 alliciaris
1620 3187 1742 3284 aliquo
1761 3189 1918 3284 probro,

1160 3293 1359 3385 Conspecta
1378 3308 1461 3364 ante
1479 3288 1574 3364 hanc
1592 3291 1733 3377 aulam,
1760 3319 1782 3364 o
1799 3293 1884 3364 lilia.

408 3399 465 3504 [S
472 3407 623 3496 trople
651 3399 711 3502 1.]
1107 3395 1183 3468 880
1210 3399 1309 3472 (lior.
1334 3395 1531 3468 Enimvero
1547 3395 1612 3468 iste
1628 3395 1666 3496 in
1687 3395 1805 3466 aliena
1832 3407 1928 3466 veste
1946 3387 2103 3486 peregri-

1520 3525 1588 3572 nus
1603 3493 1734 3592 hospes

1157 3600 1331 3674 Celeriter
1347 3605 1390 3673 ad
1406 3628 1472 3676 nos
1490 3629 1533 3674 ex
1551 3601 1612 3672 illa
1630 3605 1740 3674 domo
1756 3597 1866 3672 venit.

1156 3707 1234 3778 ure.
1261 3705 1430 3778 Mulieres
1446 3703 1624 3800 hospites,
1651 3730 1699 3774 an
1712 3701 1801 3776 haec
1816 3715 1868 3776 est
1881 3697 2030 3774 Achillis

1159 3805 1243 3876 Filii
1261 3811 1408 3892 domus,
1437 3823 1472 3880 et
1487 3809 1607 3901 regiae
1624 3807 1753 3880 aedes?

1156 3913 1254 3983 Ultor.
1295 3909 1486 4006 intelligis,
1524 3911 1585 3983 sed
1617 3911 1681 4006 qui
1708 3937 1764 3996 es,
1805 3905 1868 4003 qui
1900 3905 2101 3991 interrogas

1516 4009 1631 4084 haec?

1102 4109 1177 4186 885
1205 4118 1282 4188 Ore.
1308 4113 1593 4206 Agamemnonis
1613 4127 1648 4184 et
1664 4111 1969 4208 Clytaemnestrae
1985 4105 2097 4188 filius,

395 4223 611 4326 [serapte
644 4223 710 4326 2.]
1150 4218 1307 4290 Nomine
1323 4217 1489 4302 Orestes,
1515 4215 1621 4288 venio
1638 4229 1756 4286 autem
1776 4209 1821 4282 ad
1837 4211 1932 4283 Iovis

1150 4319 1347 4393 Oraculum
1363 4321 1620 4402 Dodonaeum;
1647 4330 1838 4414 postquam
1858 4313 1942 4386 veni

1150 4421 1191 4492 ln
1208 4421 1398 4512 Phthiam,
1423 4423 1522 4494 volui
1538 4419 1742 4516 percontari
1757 4423 1801 4492 de
1817 4429 1968 4512 cognata

1149 4527 1320 4614 Muliere,
1347 4553 1395 4600 an
1411 4527 1521 4612 vivat,
1548 4539 1584 4598 et
1596 4528 1686 4596 bene
1705 4521 1841 4606 valeat,

113 2314 234 2385 uem.
258 2309 357 2404 Quid
373 2325 519 2405 oportet
530 2337 589 2384 me
606 2326 725 2408 tegere
741 2327 864 2407 pectus
878 2312 995 2388 veste?

69 2411 139 2486 835
166 2413 380 2498 Manifesta,
405 2429 528 2508 aperta
549 2431 585 2486 et

110 2517 198 2588 Non
217 2517 354 2588 occulta
370 2519 519 2590 fecimus
536 2532 659 2588 eontra
678 2519 863 2591 maritum.

109 2625 207 2692 Fam.
234 2619 355 2704 DoIes,
381 2622 663 2716 quod'strureris
677 2647 800 2693 necem
817 2635 900 2695 tuae
916 2621 1059 2716 pellici?

108 2931 228 2998 Herm.
255 2927 370 3000 Gemo
387 2942 537 3020 propter
551 2924 716 3000 hostilem
735 2932 942 3013 audaciam,

109 3033 232 3124 Quam
249 3031 337 3115 feci,
361 3055 385 3100 o
401 3033 608 3102 execrabilis

56 3133 135 3205 840
161 3131 261 3226 Ego,
288 3135 494 3205 execrabilis
512 3135 614 3206 viris.

106 3239 204 3308 Fam.
232 3235 463 3308 Condonahit
478 3237 544 3308 tibi
558 3234 627 3308 hoc
642 3249 827 3331 peccatum
842 3238 1005 3311 maritus.

106 3542 228 3610 Herna.
255 3539 378 3634 Quare
391 3541 544 3634 rapuisti
559 3537 649 3612 mihi
666 3541 823 3635 gladium
840 3569 882 3613 ex
899 3544 1033 3616 mauri?

106 3641 255 3728 Redde,
281 3668 305 3714 o
319 3640 449 3730 chara,

104 3743 255 3829 IIedde,
278 3759 321 3820 ut
333 3750 522 3820 adversam

51 3843 132 3918 845
160 3845 322 3946 lnfligam
340 3852 501 3944 plagam

99 3951 229 4044 Quare
244 3977 343 4026 arces
356 3979 414 4024 me
430 3979 451 4024 a
466 3953 630 4049 laqueis?

101 4059 199 4126 Fam.
225 4057 516 4128 Andimitterem
529 4069 565 4128 te
581 4057 778 4140 fruentem,
803 4070 844 4126 ut
862 4053 1050 4128 moriaris?

94 4365 220 4432 Herm.
241 4359 319 4434 IIeu
334 4361 496 4480 exitium,
521 4361 585 4478 ubi
601 4373 653 4434 est
670 4355 758 4430 mihi
776 4356 882 4432 chara
901 4363 1045 4434 flamma

92 4564 173 4633 Ul·i
193 4565 231 4634 in
253 4565 364 4636 imum
382 4461 579 4636 leralglml?

9 4663 119 4741 850
149 4665 191 4736 In
209 4693 308 4738 mare
325 4693 372 4738 an
387 4669 425 4739 in
442 4669 579 4763 sylvam
596 4693 615 4738 a
635 4667 818 4738 montibus
826 4667 895 4765 ⁸⁸),
1102 4703 1305 4722 --—-

92 4771 144 4842 Ut
165 4783 307 4842 mortua
324 4771 391 4842 sim
409 4797 516 4842 curae
531 4771 677 4842 inieris?
1128 4799 1179 4860 aa)
1194 4809 1213 4850 s
1230 4799 1386 4862 monetans]
1408 4799 1449 4852 stc
1473 4799 1556 4851 uolet.
1579 4797 1673 4860 Isau,
1700 4795 1793 4860 loom
1827 4796 1925 4860 narn„
1948 4797 2091 4858 uergere.

87 4877 195 4946 caer.
222 4873 321 4966 Quid
337 4874 402 4946 ista
420 4873 552 4967 paras?
579 4873 828 4959 „calamitates
845 4873 1017 4945 divinitus
1163 4873 1214 4930 (ἓ
1231 4870 1324 4934 rurtp.
1343 4863 1445 4936 spem)
1464 4869 1602 4922 mmm·

87 5030 111 5060 „
121 4977 306 5050 Omnibus
335 4973 543 5050 hominibus
576 4977 724 5048 veniunt
757 4987 819 5046 aut
858 4989 942 5048 tunc
979 4991 1042 5048 aut
1126 4971 1176 5030 ⁸⁹)
1194 4973 1243 5022 ⁸⁰²
1260 4973 1446 5056 ΜΞΝ]
1471 4970 1611 5055 ''QUI“
1630 4969 1722 5052 lma
1749 4965 1955 5062 “mu-Ilm
1971 4965 2089 5046 tegpeu

1162 5041 1301 5102 luterprcs
1327 5060 1341 5104 q
1364 5077 1370 5091 .
1390 5079 1397 5094 .
1417 5041 1520 5106 {nepem
1542 5057 1550 5101 ς
1589 5041 1671 5091 Itdstt.
1698 5043 1800 5090 rocenat.
1832 5041 1880 5096 (-
1904 5035 1995 5096 Iturlp.
2017 5053 2029 5092 ι,
2053 5074 2058 5085 .
2081 5073 2085 5084 .

458 5095 554 5154 lunc·
1159 5099 1294 5176 Iulpuu')
1313 5123 1384 5174 quoa
1402 5148 1409 5162 .
1429 5149 1436 5162 .
1456 5109 1620 5172 pcsretravtt.

30 5233 252 5256 ---
1124 5209 1173 5278 90)
1192 5224 1280 5274 neque
1298 5213 1364 5262 tuuc
1387 5211 1437 5264 itta
1461 5213 1543 5262 valde
1570 5209 1696 5270 laticlavi]
1725 5209 1766 5258 eto
1789 5205 1874 5260 autea
1894 5207 1986 5286 1888.2
2014 5207 2088 5260 1882.

1158 5285 1207 5342 (ε
1217 5281 1311 5344 Eurip.
1323 5281 1373 5330 Ed.
1385 5281 1468 5332 liasll.
1490 5281 1564 5332 tear.
1583 5275 1643 5330 edre
1662 5277 1727 5326 λίαν
1747 5271 1808 5326 orir’
1828 5269 1910 5326 ἐκεῖν’
1931 5271 2086 5344 tapetas„

66 5341 121 5404 Β)
141 5347 194 5397 Hel
212 5343 309 5406 llllll
328 5345 466 5396 aloltdttt.
482 5343 569 5410 1888,
588 5339 683 5404 Md
701 5341 786 5396 ratu
803 5347 907 5396 ment.
926 5345 1038 5415 (=.·t¹.'u·
1157 5349 1242 5401 rust.
1261 5351 1365 5400 terent.
1384 5343 1433 5410 cd,
1450 5363 1478 5399 ra
1497 5349 1562 5398 ttae
1579 5343 1642 5398 οὔτ’
1659 5339 1742 5398 tastu·
1767 5345 1812 5399 tn.
1831 5369 1866 5382 —
1885 5355 1973 5407 neque
1986 5357 2084 5394 erres-

104 5415 161 5479 flP·
177 5407 220 5466 ’Μ’
236 5417 290 5482 μ’(
304 5411 371 5482 Im)
387 5413 438 5464 Ν
455 5413 536 5476 *Illi
553 5411 633 5464 ¹¹¹¹!
1158 5431 1220 5472 rum
1237 5418 1313 5470 Itlun
1331 5421 1406 5470 tuum
1424 5417 1515 5479 [mm
1542 5431 1600 5471 exc.
1619 5417 1715 5478 utun]
1734 5415 1853 5466 laudm.
