4738 6090
314 265 391 342 s1o
894 259 1017 334 anu.
1049 259 1161 336 lanu
1194 257 1400 334 sctth'ra
1430 257 1771 333 rnuoaocrca.
2043 236 2046 245 '
2264 267 2323 348 sn

357 447 479 534 Apum.
507 437 703 532 Quomodo
727 431 861 526 igitur?
895 433 993 527 Quid
1017 433 1151 506 iacies?
1183 446 1304 506 uuum
1411 431 1512 504 Talis
1527 433 1750 504 Graecorum
1766 433 1895 504 nebula
1917 433 2165 505 circumfundit
2177 436 2278 533 te⁴¹)',

725 535 884 630 gladium
902 560 1014 606 manu
1410 535 1523 607 Hasta
1539 533 1741 608 sanehasta
1758 537 1935 608 excidens.
2042 577 2045 584 ,

355 643 545 736 Accipiens
561 663 651 712 anus
667 639 784 710 viram
804 639 998 709 barbarum
1017 638 1237 711 interficies?
1360 641 1437 715 910
1464 639 1647 710 Coronam
1663 665 1750 710 vero
1764 642 1891 711 abrasa
1912 663 1949 712 es

356 749 432 822 Aut
445 743 610 828 venenis,
637 755 701 814 aut
715 767 782 834 ope
799 741 985 836 quanam?
1411 743 1606 829 Turnum,
1633 744 1765 814 circum
1784 769 1868 813 vcro
1883 741 2067 836 fuliginosi

357 851 459 946 Quae
476 849 540 918 tibi
557 847 672 918 aderit
688 843 840 916 manus?
870 847 967 914 unde
982 841 1131 917 habebis
1147 844 1305 918 amicos?
1351 901 1355 909 .
1408 843 1517 916 Fumi
1535 847 1674 918 macula
1693 846 1895 918 miserrima
1911 847 2097 940 denigrata
2115 871 2164 920 es.

305 954 381 1028 880
407 956 489 1026 Ποσ.
516 951 627 1022 Tecta
647 949 827 1020 occultant
849 943 939 1020 baec
956 949 1202 1020 Troianarum
1227 975 1306 1022 mu·
1410 947 1562 1020 Misera:
1589 974 1666 1020 non
1681 950 1835 1042 amplius
1851 949 1938 1021 inte
1954 951 2132 1022 incedam.

718 1051 847 1121 liceum
1011 1101 1022 1124 .
2132 1079 2134 1084 ·

355 1165 480 1254 Apate.
505 1154 674 1250 Captivos
690 1153 800 1236 dicis,
825 1053 1051 1226 Giddildiiim
1067 1154 1266 1246 praedam?
1693 1117 1938 1223 [Alil'lffll’l‘
1965 1118 2020 1223 ¹⁰]

354 1267 436 1336 Hac.
481 1260 571 1332 Cum
603 1257 673 1328 illis
704 1251 801 1328 hunc
837 1281 959 1328 mcum
994 1255 1212 1329 homicidam
1252 1259 1306 1329 ul-
1409 1254 1532 1326 Media
1546 1269 1652 1328 nocte
1669 1258 1784 1349 perii,

719 1358 842 1430 ciscar.
1357 1353 1434 1432 915
1458 1359 1616 1452 Quando
1634 1384 1655 1428 a
1671 1383 1784 1432 coena
1800 1385 1948 1433 somnus
1960 1357 2136 1458 suavis⁸‘)

354 1475 478 1562 Apono
507 1463 556 1538 Et
587 1463 773 1560 quomodo
803 1459 1013 1534 mulieribus
1040 1462 1079 1532 in
1107 1462 1206 1534 viros
1236 1461 1305 1533 erit
1407 1461 1451 1532 ln
1466 1464 1588 1536 oculos
1607 1455 1801 1556 spargitur.
1837 1497 1840 1504 ·

715 1561 854 1636 robur?
1406 1568 1564 1637 Acantu
1580 1565 1842 1638 veroetsacris

295 1735 300 1745 .
354 1677 436 1748 lise.
461 1671 526 1744 Est
546 1669 720 1767 quiddam
743 1679 871 1760 potens
895 1667 1111 1752 multitudo,
1144 1695 1226 1740 cum
1249 1669 1304 1738 in-
1408 1666 1593 1740 Conviviis
1611 1669 1776 1740 desinens
1987 1747 1994 1760 p

720 1770 892 1864 sidiisque
908 1771 1162 1864 insuperabile.
1407 1769 1563 1844 Maritus
1578 1773 1617 1841 in
1632 1767 1802 1843 thalamis
1816 1771 1966 1858 iacebat,

304 1877 382 1956 896
406 1883 529 1972 algoso
555 1875 708 1948 &evum
727 1875 887 1968 quidem,
909 1875 971 1944 sed
985 1898 1071 1944 sane
1087 1872 1301 1945 femininum
1356 1871 1433 1950 920
1460 1873 1615 1969 (Hostile
1630 1899 1716 1947 vero
1732 1875 1770 1946 in
1787 1876 1889 1944 clavo
1905 1876 1990 1974 suo)

720 1971 948 2070 reprebendo
970 1999 1095 2069 genus.
1406 1977 1609 2051 Nautarum
1625 2004 1701 2050 non
1717 1979 1872 2071 amplius
1888 1979 2013 2050 videns
2027 1979 2284 2052 multitudinem

353 2089 437 2161 Hoc.
463 2081 563 2178 Quid
583 2079 694 2152 vero?
730 2079 789 2150 An
814 2105 890 2152 uon
920 2080 1088 2152 mulieres
1117 2079 1303 2152 interfece-
1408 2082 1480 2152 Per
1494 2081 1645 2154 Troiam
1661 2081 1805 2152 iliacam
1821 2081 2060 2156 incedentem.

717 2197 804 2256 runt
816 2183 973 2278 Aegypti
989 2182 1107 2258 lilios?

352 2289 400 2362 Et
412 2287 591 2362 Lemnum
606 2287 767 2360 funditus
784 2287 871 2360 viris
886 2286 1111 2360 vacuarunt?
1729 2247 1894 2352 [399909
1918 2247 1976 2352 2’9

352 2395 422 2466 Sed
446 2405 487 2465 ut
508 2391 588 2462 lieri
613 2403 798 2486 oporteat,
831 2386 925 2462 hanc
947 2386 1037 2462 mihi
1058 2391 1222 2488 relinque
1244 2415 1302 2462 ra·
1404 2387 1483 2481 Ego
1502 2411 1589 2460 vero
1605 2411 1746 2459 comam
1762 2389 1921 2482 religatis

531 2557 534 2567 .
718 2494 874 2578 tionem,
1407 2491 1527 2566 Mitris
1544 2493 1807 2585 componebam

353 2599 458 2672 Mitte
473 2621 559 2670 vero
577 2593 669 2670 mibi
683 2593 778 2668 hanc
792 2609 871 2668 tuto
893 2621 958 2690 per
980 2597 1174 2670 exercitum
1354 2592 1431 2668 925
1456 2597 1662 2668 Aureorum
1678 2597 1907 2691 speculorum

301 2701 379 2780 890
404 2701 608 2775 Mulierem.
656 2699 705 2774 Et
719 2713 760 2772 tu
775 2695 934 2772 Thracio
950 2703 1121 2772 accedens
1140 2697 1277 2793 hospiti
1405 2700 1615 2794 Adspiciens
1632 2702 1807 2772 rotundos
1825 2699 1969 2786 radios,

328 2862 331 2874 .
352 2805 438 2878 Dic:
464 2805 580 2878 Vocat
596 2818 631 2878 te
645 2804 768 2898 regina
787 2804 874 2876 olim
890 2827 976 2876 sane
993 2801 1069 2888 llii,
1405 2802 1561 2876 Adstans
1577 2805 1621 2874 ad
1635 2803 1785 2888 lectum,
1810 2816 1851 2874 ut
1867 2827 2009 2874 ruerem
2026 2803 2069 2874 in
2088 2816 2217 2875 torum.

353 2909 524 2994 Hecuba,
561 2905 639 3002 (tua
668 2931 754 2980 vero
788 2931 865 2978 non
897 2907 1018 2978 minus
1053 2929 1162 3002 quam
1189 2906 1301 3000 ipsius
1405 2908 1478 2980 Per
1493 2931 1579 2978 vero
1597 2908 1772 2980 tumultus
1786 2905 1951 2978 transivit
1966 2907 2120 2994 orbern,

719 3011 843 3109 causa)
1406 3010 1628 3081 Vociferatio
1642 3035 1728 3082 vero
1743 3023 1820 3082 erat
1833 3034 1899 3103 per
1915 3011 2046 3086 urbem
2062 3007 2255 3082 Troianam

350 3115 398 3188 Et
418 3115 530 3202 lilios,
571 3113 745 3212 quoniam
776 3125 923 3206 oportet
941 3125 977 3184 et
999 3111 1093 3184 lilios
1113 3113 1205 3186 scire
1228 3137 1301 3186 ser·
1353 3114 1430 3188 930
1454 3113 1568 3185 Haec:
1595 3113 1708 3185 Ofilii
1724 3114 1969 3200 Graecorum,
1996 3114 2148 3209 quando
2163 3135 2262 3194 sanc,

716 3241 844 3290 mones
1406 3217 1564 3311 Quando
1577 3215 1722 3288 Iliacam
1740 3217 1922 3310 speculam

352 3321 428 3394 Hos
444 3346 487 3394 ex
504 3321 578 3392 illa.
627 3319 767 3394 Recens
785 3345 871 3392 vero
887 3319 1096 3392 interiectae
1403 3319 1697 3416 Excidentes¹⁸⁸)
1715 3321 1813 3392 ibitis
1829 3321 1868 3390 in
1885 3319 2073 3414 patriam?

300 3419 378 3500 896
402 3425 608 3520 Polyxenae
625 3423 731 3496 differ
745 3425 998 3516 Agamemnon
1013 3422 1249 3516 sepulturam,
1791 3497 1800 3516 ι

351 3527 403 3600 Ut
418 3529 478 3602 isti
493 3529 565 3602 duo
581 3527 692 3600 irater
711 3539 747 3600 et
758 3552 864 3600 soror
879 3551 993 3621 prope
1008 3551 1080 3598 una
1095 3527 1242 3598 flamma
1688 3487 1936 3592 [mulfffl‘
1959 3487 2019 3592 ²·]

351 3631 498 3728 Duplici
514 3657 599 3704 cura
621 3631 747 3702 matris
765 3631 989 3704 occultentur
1004 3643 1113 3701 terra.
1403 3626 1552 3700 Lectum
1570 3623 1718 3699 charum
1738 3656 1809 3701 una
1827 3644 1923 3703 veste
1940 3631 2070 3706 induta

349 3742 473 3832 Apum
499 3733 618 3808 Erunt
630 3730 720 3808 haec
735 3735 803 3814 sic;
830 3733 962 3806 etenim
978 3732 1008 3806 si
1026 3744 1117 3804 esset
1131 3726 1300 3802 exercitui
1403 3729 1645 3826 Relinquens‚
1671 3731 1805 3804 Dorica
1822 3746 1862 3804 ut
1878 3735 2018 3827 puella,

351 3839 563 3932 Navigatio‚
602 3861 679 3910 non
701 3837 897 3931 potuissem
920 3833 1015 3911 hanc
1037 3835 1103 3909 tibi
1127 3833 1300 3928 praebere
1353 3832 1430 3908 935
1456 3833 1709 3905 venerandam
1726 3838 1896 3908 accedens

442 3961 448 3976 ·
717 3940 883 4032 gratiam.
1402 3933 1504 4011 Nihil
1520 3938 1619 4008 effeci
1635 3939 1791 4010 Dianam
1807 3940 1942 4011 infelix.

299 4046 376 4122 900
401 4047 506 4122 Nunc
524 4067 631 4128 vero,
658 4043 848 4115 nonenim
865 4042 976 4112 mittit
998 4040 1173 4112 secundos
1195 4036 1300 4106 flatus
1403 4041 1574 4110 Abducor
1591 4065 1676 4112 vero
1692 4057 1877 4114 mortuum
1893 4043 2018 4115 videns
2036 4044 2212 4116 maritum

712 4144 831 4230 Deus,
1403 4143 1528 4214 Meum
1543 4145 1725 4216 marinum
1742 4171 1807 4240 per
1822 4147 1989 4240 pelagus,

350 4251 502 4324 Manere
518 4275 662 4324 necesse
687 4263 758 4334 est,
784 4243 1053 4337 navigationem
1072 4253 1299 4336 expectantes
1403 4247 1611 4342 Urbemque
1630 4250 1840 4342 adspectans
1855 4275 1873 4318 a
1888 4249 2015 4340 longe,
2045 4261 2240 4346 postquam

720 4351 966 4447 tranquillam.
1352 4350 1429 4424 940
1455 4349 1679 4421 Redeuntem
1694 4354 1797 4425 navis
1813 4352 1928 4422 movit
1941 4355 2095 4445 pedem,

350 4456 457 4530 Fient
470 4470 590 4530 autem
606 4455 767 4528 feliciter.
819 4451 1000 4524 Omnibus
1014 4447 1111 4518 enim
1127 4458 1179 4516 est
1201 4469 1299 4516 com-
1402 4451 1451 4522 Et
1464 4477 1522 4524 me
1539 4478 1560 4522 a
1577 4465 1695 4526 teme
1711 4457 1860 4528 abduxit
1875 4456 2005 4527 finibus
2017 4451 2165 4530 niam,

719 4551 931 4634 monebor,
1403 4555 1559 4642 Misera,
1585 4561 1749 4631 exanima
1766 4559 1907 4631 concidi
1920 4583 2009 4652 prae
2026 4559 2185 4641 dolore,

350 4659 397 4734 Et
413 4661 641 4756 peculiariter
656 4658 850 4752 unicuique
871 4667 908 4725 et
925 4652 1029 4738 urbi,
1059 4651 1194 4724 malum
1221 4651 1301 4748 qui·
1355 4750 1561 4766 ......-.

716 4763 798 4832 dem

351 4859 492 4940 Malum
527 4863 664 4958 aliquid
700 4863 797 4956 pati,
847 4863 986 4932 bonum
1025 4881 1111 4927 vero
1148 4857 1298 4928 leliciter
1386 4877 1435 4948 tt)
1452 4881 1496 4932 nx
1512 4879 1627 4932 crotous
1644 4903 1681 4918 -.
1696 4875 1893 4930 sarmium
1909 4873 1961 4944 sq]
1987 4875 2018 4932 u
2041 4875 2126 4932 ιη,
2150 4875 2180 4930 1„
2203 4873 2252 4926 ca
2268 4873 2333 4924 arra

1421 4949 1552 5002 obtundi
1569 4953 1634 5002 sunt
1651 4948 1679 4998 tn
1696 4949 1748 4998 bos
1765 4949 1840 5001 tres:

1505 5019 1524 5071 ¹
1559 5022 1601 5071 ssx
1618 5018 1730 5071 orbibus
1748 5015 2005 5082 inexpugnsbltlbus

1505 5091 1525 5142 8
1557 5091 1619 5141 tlon
1635 5086 1754 5151 snpttos
1772 5085 1884 5140 dtcerts.
1902 5088 1969 5140 tetts
1988 5087 2084 5140 (tros-

675 5127 842 5232 [Siroplts
866 5125 921 5229 l.]
1502 5161 1521 5210 4
1555 5171 1651 5212 corun
1668 5157 1768 5208 nebula
1785 5159 1814 5208 ts
1831 5157 2042 5226 strennuum,

299 5273 376 5350 905
403 5277 502 5350 otor.
529 5269 588 5342 Tu
604 5271 772 5365 quidem,
799 5291 821 5336 o
838 5267 955 5360 patria
972 5263 1106 5351 Troia,
1385 5257 1621 5328 ⁴²)1w111111
1645 5261 1695 5314 Μ·
1719 5261 1804 5312 ³⁸¹¹·
1826 5259 1895 5312 Μ
1917 5271 1972 5312 '⁰¹
1998 5257 2029 5310 ¹¹¹
2054 5261 2219 5326 ssqasrte·
2243 5252 2335 5306 Μ’

347 5379 403 5452 n.
427 5374 575 5448 mersu.
598 5369 935 5546 anequqquitibus
955 5391 1032 5439 non
1064 5367 1218 5462 amelia·
1243 5367 1301 5439 di·
1384 5329 1664 5498 cst-'ingildi
1688 5432 1730 5486 a.
1753 5432 1807 5500 (2.
1830 5433 1925 5496 em..
1949 5427 2120 5497 usam..)
2144 5429 2231 5482 carc
2253 5425 2336 5480 aa,

1420 5505 1542 5569 norm
1559 5503 1608 5557 rc
1622 5503 1698 5556 rost.
1715 5502 1910 5561 manuum.

714 4983 834 5056 agere.
