4844 6122
303 221 357 300 50

303 399 459 490 signant.
512 397 736 492 Quinetiam
761 399 927 474 nebulosi
952 406 1051 499 gyri,
1084 422 1125 478 ut
1145 409 1184 478 in
1197 411 1306 486 Prae·

304 503 402 596 sepi,
434 517 470 572 et
492 502 646 586 sinales,
678 502 710 574 si
734 504 835 574 coelo
856 531 986 580 sereno
1009 523 1073 580 ant
1094 513 1200 586 exiles
1223 516 1307 601 sint,

305 620 369 678 eut
393 605 509 676 visum
535 606 692 696 fugiant,
734 619 796 678 am
821 611 926 700 spissi
956 613 1130 708 densique
1155 639 1230 688 esse
1254 619 1306 687 vi.
1377 641 1378 650 ¹

304 711 480 790 deantur,
507 709 667 788 nirnboss
701 710 785 802 puri
809 737 896 782 vero
921 727 956 784 et
976 717 1148 788 continuo
1173 721 1306 791 scintil-

303 813 440 896 lantes,
467 825 593 882 ventos
609 813 835 886 turbulentos
853 819 1077 908 praedicunt.
1136 822 1174 892 si
1189 825 1307 893 stella-

304 941 384 986 rum
401 919 578 999 duarum,
605 941 698 1010 quae
714 917 884 1012 utrinque
902 923 948 990 ad
962 921 1139 1016 Praesepe
1154 949 1307 997 cernun-

304 1033 383 1102 tur,
408 1018 604 1090 Asinorum
623 1019 865 1112 appellatione
881 1021 1055 1116 insigues,
1086 1051 1179 1110 uua,
1214 1054 1305 1122 quae

303 1121 596 1216 septentrionalis
611 1135 684 1204 est,
717 1147 791 1194 non
814 1141 1008 1217 appareat,
1042 1129 1144 1198 flabit
1159 1131 1305 1223 Aquilo.

303 1227 446 1298 sivero
471 1225 581 1296 altera
605 1227 771 1298 australis
793 1228 915 1298 abdita
941 1231 1143 1317 delituerit,
1175 1232 1307 1304 Auster

302 1329 467 1426 spirabit.

307 1469 312 1480 ·
407 1449 599 1520 Praeterea
617 1471 709 1542 quae
727 1448 831 1520 certis
848 1451 1070 1542 temporibus
1086 1453 1123 1520 in
1145 1453 1245 1522 coelo
1269 1479 1306 1524 se

304 1555 501 1624 ostendunt
530 1563 564 1620 et
596 1551 747 1620 Ostenta
780 1555 969 1636 dicuntur,
1018 1579 1144 1624 eorum
1177 1556 1304 1626 crinita

303 1657 421 1730 sidera
438 1677 581 1748 semper
595 1653 800 1748 squalorem
820 1667 1018 1748 ventosque
1035 1659 1305 1748 praenuntiant,

305 1785 348 1830 eo
365 1759 512 1854 quidem
530 1751 837 1841 vehementiores,
869 1782 942 1850 quo
959 1759 1123 1850 pluribus
1137 1759 1177 1830 in
1194 1763 1305 1852 parti-

301 1864 369 1936 bus
385 1875 420 1934 et
435 1861 596 1954 ipsorum
613 1883 765 1950 corpora
781 1861 976 1952 grandiora
993 1863 1139 1933 luerint.

408 1980 657 2052 Traiectiones
681 1993 717 2050 et
741 1980 976 2052 iaculationes
998 1983 1181 2052 stellarum
1206 1981 1236 2051 si
1260 1982 1305 2050 ab

304 2111 379 2158 uno
395 2083 527 2176 angulo
544 2085 727 2168 serantur,
755 2084 800 2152 ab
820 2107 863 2154 eo
880 2097 1007 2155 ventos
1028 2111 1113 2154 mox
1136 2096 1307 2178 sequutu-

304 2215 366 2260 ros
388 2187 621 2269 denuutiant;
664 2188 695 2258 si
724 2199 917 2256 occurrant
947 2187 1042 2256 inter
1070 2211 1127 2272 se,
1167 2187 1305 2280 proelia

301 2293 486 2366 suscitant.
552 2291 591 2361 si
614 2315 702 2362 vero
724 2292 768 2360 de
791 2303 947 2384 quatuor
969 2290 1083 2381 plagis
1104 2289 1307 2382 prosiliant,

892 229 1017 307 PlllL.
1052 235 1166 310 MEL
1200 237 1406 312 SCRIPTA
1438 241 1779 320 PHILOLOGICA.

2304 259 2352 332 60

1358 410 1495 485 hiemes
1518 416 1656 500 varias,
1679 421 1851 505 fulmina,
1876 423 2049 514 fulgetra,
2077 429 2218 526 aliaque
2233 424 2354 500 buius·

1360 519 1459 586 modi
1476 520 1653 590 adserunt.

1461 653 1583 726 Nubes
1613 657 1650 725 in
1686 657 1957 754 quibuscunque
1988 665 2118 740 linibus
2147 673 2354 761 conspectae

1358 757 1491 828 similes
1509 757 1628 830 floccis
1651 761 1778 844 lunae,
1809 759 1944 834 hiemes
1970 785 2182 862 sequuturas
2206 774 2356 841 demon·

1358 871 1484 930 strant.

1461 977 1573 1050 Arcus
1591 1005 1734 1074 quoque
1753 1007 1968 1078 quocunque
1984 997 2145 1080 tempore
2164 993 2358 1077 extiterint,

1358 1079 1386 1149 si
1413 1105 1577 1150 serenum
1601 1082 1647 1151 sit
1670 1085 1828 1168 coelum,
1862 1081 2015 1168 hiemes;
2056 1092 2085 1159 si
2115 1086 2230 1162 hiems
2251 1097 2357 1178 adsit,

1358 1185 1585 1252 serenitatem
1601 1185 1828 1275 pollicentur.
1885 1189 1933 1258 Ut
1956 1203 2073 1258 autem
2101 1188 2188 1260 haec
2212 1197 2358 1264 conclu-

1359 1287 1510 1368 dantur,
1534 1286 1717 1357 sciendnm
1737 1291 1915 1380 generalia
1933 1293 2005 1362 visa
2023 1293 2114 1363 aeris
2137 1296 2239 1365 certis
2265 1310 2358 1366 tem-

1358 1387 1506 1478 poribus
1522 1391 1643 1458 eadem
1664 1393 1899 1481 portendere,
1921 1409 2110 1487 quaesunt
2131 1397 2169 1465 in
2192 1399 2359 1488 superio-

1358 1491 1457 1561 ribus
1483 1495 1525 1559 de
1549 1493 1621 1561 suis
1644 1519 1808 1588 quaeque
1830 1495 2071 1566 accidentibus
2088 1497 2134 1594 ¹⁷)
2167 1499 2357 1590 explicata.

1357 1592 1475 1686 Atque
1506 1589 1678 1665 hactenus
1707 1597 1841 1688 placuit
1872 1601 1915 1668 de
1948 1599 2104 1688 generali
2132 1599 2358 1692 inspectione
2397 1604 2403 1616 '

1357 1697 1612 1765 universalium
1638 1711 1672 1766 et
1696 1701 1966 1790 particularium
1988 1703 2173 1792 signorum
2190 1705 2359 1773 breviter

1358 1797 1543 1868 disserere.
1595 1798 1703 1892 Quod
1728 1817 1907 1893 superest,
1940 1806 2184 1894 geniturarum
2209 1807 2359 1892 indicia,

1356 1899 1448 1970 sicut
1463 1914 1498 1971 et
1515 1904 1605 1970 ordo
1625 1904 1801 1994 postulat,
1833 1931 1930 1976 nunc
1944 1908 2110 2000 deinceps
2125 1933 2357 2005 exequemur.

1361 2077 1565 2090 --—-—...

1394 2178 1441 2244 17)
1460 2181 1494 2232 de
1511 2179 1572 2230 suls
1591 2191 1715 2245 quaeque
1731 2181 1936 2246 eoetdeuttbus]
1960 2181 2002 2234 elo
2017 2195 2036 2236 e
2052 2185 2228 2239 Nabataeos
2247 2191 2276 2240 et
2295 2191 2357 2242 Ge·

1426 2250 1547 2300 nersrto
1575 2253 1725 2334 pertuntur
1753 2251 1905 2304 Ptolemaei
1933 2255 2034 2305 verte:
2068 2247 2124 2304 ind
2155 2253 2211 2306 mir
2244 2257 2360 2312 ornator

1427 2333 1651 2386 συμπτωματων.

1018 2817 1028 2832 ,
1103 2747 1268 2824 maun
1306 2759 1555 2824 suarius

474 2969 479 2976 ·
523 2936 579 3003 De
603 2939 779 3020 conceptu,
812 2939 844 3003 et
868 2935 958 3002 edito
978 2929 1084 3022 foeta.

407 3069 498 3140 Cum
517 3063 691 3140 hactenus
718 3079 871 3138 tractata
894 3067 941 3140 sit
963 3069 1203 3142 consideratio
1224 3069 1304 3140 uni·

300 3173 494 3246 versalium
521 3183 735 3260 eventuum,
763 3195 857 3266 quae
879 3185 915 3242 et
937 3174 1038 3266 prior
1062 3199 1135 3246 esse
1160 3173 1303 3260 dicitur,

302 3291 337 3350 et
353 3301 459 3370 saepe
483 3273 595 3344 vincit
614 3274 853 3367 particulares
877 3275 1164 3367 significationes.
1178 3277 1216 3346 in
1239 3301 1303 3345 na-

301 3381 392 3454 turis
418 3379 642 3470 singulorum
667 3373 879 3463 hominum,
911 3404 1064 3474 quarum
1089 3379 1302 3476 praedictio-

301 3509 365 3555 nes
381 3506 552 3552 vocamus
561 3476 832 3551 Genethliacas:
859 3481 1043 3554 sciendum
1061 3497 1125 3568 est,
1149 3484 1187 3552 in
1202 3495 1302 3553 utro-

303 3612 373 3684 que
390 3609 519 3678 genere
535 3583 689 3654 similem
714 3608 789 3655 esse
814 3585 1140 3656 considerationem
1165 3598 1201 3656 et
1224 3612 1301 3656 rno-

302 3701 404 3761 tuum
423 3701 459 3758 et
479 3689 682 3758 effectuum.
737 3685 831 3758 Nam
858 3701 894 3758 et
914 3689 1172 3762 universalium
1196 3715 1301 3758 even-

302 3807 406 3864 tuum
440 3804 475 3860 et
502 3789 796 3884 particularium,
836 3790 876 3860 in
903 3793 1051 3884 singulis
1082 3789 1300 3880 hominibus,

303 3919 408 3967 causa
435 3907 488 3964 est
512 3905 632 3964 motus
655 3893 904 3986 planetarum,
934 3909 970 3966 et
984 3895 1076 3968 Solis
1100 3921 1141 3966 ac
1162 3893 1299 3970 Lunae.

303 4000 373 4069 Sed
396 3996 588 4068 artificiosa
613 3997 816 4068 observatio
843 4011 1008 4070 motuum
1035 4013 1301 4093 praemonstrat

304 4125 500 4194 corporum
516 4102 746 4186 mutationes,
772 4102 802 4172 si
818 4103 1050 4174 conferantur
1067 4105 1112 4173 ad
1128 4129 1183 4190 ea,
1207 4127 1299 4198 quae

302 4205 395 4274 liunt
421 4203 519 4273 iuxta
550 4203 721 4275 transitus
751 4203 908 4276 siderum
935 4201 1144 4280 habentium
1168 4207 1300 4279 similes

305 4305 449 4378 effectus
466 4305 505 4375 in
521 4331 601 4376 aere
618 4331 685 4378 nos
701 4308 955 4381 circumdante.
1006 4309 1140 4381 Verum
1155 4310 1300 4382 univer·

304 4411 396 4482 sales
426 4433 552 4480 causae
582 4409 797 4482 efficaciores
826 4425 930 4496 sunt,
969 4415 1202 4504 particulares
1224 4439 1300 4483 non

304 4525 379 4583 tam
396 4525 480 4584 sunt
494 4513 661 4584 efficaces.
706 4511 747 4582 lu
764 4527 918 4610 utroque
934 4541 1063 4606 genere
1080 4530 1198 4587 autem
1217 4529 1301 4588 sunt

304 4615 406 4684 varia
429 4615 553 4699 initia,
586 4639 629 4686 er
651 4616 780 4712 quibus
802 4617 1040 4709 praedicimus
1063 4619 1160 4691 iuxta
1187 4631 1301 4690 astro-

305 4743 386 4790 rum
409 4717 566 4812 positus,
592 4741 632 4787 ea
655 4744 746 4813 quae
768 4719 1025 4812 significantur.
1080 4723 1134 4794 Ac
1156 4723 1300 4793 univer-

305 4821 435 4893 salium
460 4821 571 4890 multa
594 4835 677 4892 sunt
697 4821 812 4893 initia.
876 4821 961 4894 Non
989 4837 1042 4894 est
1067 4825 1162 4894 enim
1186 4849 1298 4895 unum

305 4925 449 4996 urbium
474 4947 515 4994 ac
539 4947 733 5015 regnorum
758 4925 996 5018 principium,
1030 4939 1066 4996 et
1086 4923 1176 4997 haec
1197 4927 1298 4996 initia

305 5026 498 5119 accipimus
514 5049 589 5096 non
605 5051 745 5119 semper
763 5027 808 5096 ab
822 5027 945 5097 iisdem
962 5030 1088 5112 causis,
1115 5033 1175 5100 sed
1191 5028 1300 5100 inter·

306 5129 393 5200 dum
411 5129 518 5198 etiam
537 5153 556 5198 a
572 5128 865 5213 circumstantiis,
892 5143 927 5201 et
943 5131 1035 5216 aliis,
1059 5155 1152 5226 quae
1168 5145 1301 5224 augent

306 5257 441 5304 causas.
495 5223 559 5304 ¹Ac
589 5234 662 5302 fere
684 5231 723 5302 in
744 5233 912 5304 omnibus
932 5235 1139 5306 testimonio
1163 5236 1300 5307 utimur

306 5333 512 5427 eclipsium,
539 5357 631 5432 quae
647 5347 730 5406 sunt
745 5335 900 5407 maiores
916 5347 952 5406 et
976 5361 1189 5431 magnarum
1215 5363 1299 5408 con·

305 5436 542 5510 iunctionum.
609 5437 840 5532 Singulorum
869 5463 955 5510 vero
977 5435 1167 5513 hominum
1190 5437 1300 5514 habe·

1357 2957 1436 3004 mus
1452 2931 1594 3003 initium
1614 2955 1726 3003 unum
1743 2945 1778 3002 et
1794 2935 1920 3004 multa.
1971 2933 2093 3004 Unum
2119 2935 2234 3020 enim,
2267 2959 2358 3007 curn

1355 3035 1534 3129 principio
1549 3035 1708 3107 nascitur
1724 3031 1852 3118 homo;
1885 3037 1921 3105 id
1938 3039 2033 3106 enim
2051 3035 2234 3110 habemus.
2282 3037 2359 3109 Ac-

1357 3140 1487 3210 cedunt
1502 3152 1621 3210 autem
1638 3138 1804 3233 deinceps
1826 3139 1973 3226 ordine,
2007 3165 2072 3233 per
2095 3144 2226 3234 gradus
2250 3154 2358 3211 aeta-

1355 3241 1420 3336 tis,
1463 3245 1507 3312 ad
1540 3244 1697 3335 primum
1733 3243 1876 3314 initium
1907 3245 2042 3315 multae
2074 3244 2358 3336 significationes

1356 3344 1464 3426 aliae;
1499 3349 1560 3416 sed
1577 3347 1733 3440 primum
1753 3347 1895 3416 initium
1913 3349 2153 3438 praestantius
2169 3361 2238 3430 est;
2265 3373 2359 3438 pro-

1353 3448 1432 3539 prie
1451 3448 1547 3518 enim
1563 3448 1670 3519 efficit
1686 3461 1721 3518 et
1735 3473 1866 3542 corpus
1880 3461 1915 3521 et
1930 3450 2067 3545 reliqua
2083 3451 2199 3522 initia.
2251 3449 2360 3522 Haec

1354 3577 1435 3620 cum
1456 3551 1504 3620 ita
1520 3577 1557 3622 se
1572 3547 1752 3636 habeant,
1784 3578 1802 3622 a
1819 3553 1938 3645 primo
1957 3553 2061 3622 initio
2077 3557 2360 3626 considerantur

1353 3655 1605 3726 universaliter
1619 3655 1809 3750 qualitates
1827 3656 2007 3748 corporis;
2035 3682 2054 3726 a
2073 3657 2221 3751 reliquis
2236 3657 2362 3732 initiis

1352 3771 1545 3830 sumuntur
1563 3783 1631 3851 pro
1649 3771 1810 3850 tempore
1825 3760 2033 3842 accidentia,
2058 3761 2253 3832 secuudum
2274 3787 2364 3832 nra-

1352 3862 1404 3954 gis
1419 3875 1454 3931 et
1469 3863 1608 3947 minus,
1632 3862 1829 3932 secundum
1846 3863 2091 3934 distinctiones
2107 3862 2251 3948 aetatis,
2286 3889 2366 3958 per

1352 3968 1495 4058 gradus.

1454 4083 1601 4156 initium
1632 4083 1810 4155 nascentis
1835 4081 1993 4154 hominis
2016 4099 2078 4156 aut
2098 4098 2151 4157 est
2172 4087 2368 4176 naturale,

1353 4214 1425 4284 quo
1443 4187 1662 4280 concipitur;
1690 4201 1752 4258 aut
1766 4201 1817 4258 est
1832 4187 2063 4280 praecipuum
2080 4189 2256 4281 potentia,
2277 4211 2367 4284 quo

1354 4293 1472 4362 editur
1488 4293 1603 4362 foetus
1621 4315 1663 4360 ex
1680 4303 1796 4361 utero.
2156 4294 2162 4308 “

1423 4433 1430 4448 ‘
1454 4411 1492 4482 Si
1520 4425 1661 4503 tempos
1694 4423 1885 4502 conceptus
1914 4405 2173 4504 deprehensum
2206 4421 2261 4478 est
2289 4437 2368 4484 seu

1353 4537 1437 4582 casn
1461 4539 1523 4586 seu
1551 4515 1820 4598 observatione,
1862 4515 1976 4608 magis
2000 4514 2169 4586 convenit
2190 4512 2367 4604 positum

1352 4615 1532 4702 siderum,
1566 4617 1628 4712 qui
1647 4617 1831 4701 tunciuit,
1870 4617 2098 4687 considerare
2124 4619 2162 4686 in
2188 4615 2366 4688 iudican-

1352 4720 1407 4789 dis
1430 4721 1593 4812 corporis
1617 4729 1652 4789 et
1675 4719 1817 4788 animae
1839 4718 2083 4813 qualitatibus.
2150 4719 2365 4812 Postquam

1352 4822 1447 4894 enim
1472 4823 1578 4892 initio
1602 4845 1724 4893 semen
1748 4822 1979 4916 consequitur
2002 4823 2150 4917 aliquod
2172 4836 2366 4913 tempera-

1353 4938 1513 4996 mentum
1536 4951 1579 4996 ex
1601 4925 1815 4996 circumfuso
1840 4925 1959 5010 coelo,
1999 4927 2138 4996 etiamsi
2162 4925 2365 5016 paulatim,

1353 5053 1432 5098 cum
1449 5031 1627 5098 formatur
1643 5051 1793 5120 corpus,
1818 5028 1909 5098 fiunt
1930 5028 2178 5100 alterationes:
2213 5041 2363 5116 tamen,

1352 5129 1436 5224 quia
1453 5155 1574 5202 semen
1591 5130 1754 5223 adiungit
1769 5130 1837 5202 sibi
1851 5131 2113 5204 nutrimentum
2131 5131 2360 5205 couveniens

1352 5234 1391 5302 in
1413 5235 1724 5325 augmentatione,
1765 5235 1873 5328 idque
1895 5234 2108 5304 naturaliter
2130 5234 2364 5322 commiscet,

1352 5348 1388 5406 et
1407 5335 1477 5408 sibi
1499 5349 1731 5432 attemperat,
1771 5337 1902 5408 retinet
1922 5336 2194 5410 similitudinem
2215 5337 2365 5446 prioris

1351 5439 1546 5534 qualitatis.
