4692 6092
44 253 102 327 477
468 235 591 314 LVIII.
636 233 1035 314 maternarum
1062 231 1270 310 amoma
1287 233 1539 314 EURIPIDIS.
1953 241 2028 316 478

78 429 136 496 las.
155 417 266 490 Probo
283 412 389 501 haec,
411 413 561 499 mulier,
584 426 702 509 neque
728 396 913 506 er'pos'tulo
938 425 989 485 te·
1091 413 1186 484 Med.
1209 409 1269 482 Tu
1285 411 1371 484 iube
1393 425 1516 506 petere
1539 437 1560 484 a
1580 427 1683 507 patre
1705 427 1804 490 tuam

408 541 489 588 cum
510 519 556 588 de
580 517 703 611 priore
728 515 937 590 offensione.
1089 513 1268 599 Uxorem,
1289 539 1335 586 ne
1359 529 1535 608 cogantur
1553 518 1720 594 libertis
1743 518 1888 592 erilium
1907 519 1959 590 ire
1984 543 2026 588 ex

80 623 235 696 Convenit
254 623 421 696 mulieres
443 619 550 690 irasci
845 667 850 678 ·
929 673 934 682 .
1452 614 1520 691 hac
1542 633 1650 694 terra.

40 730 96 802 910
116 727 255 810 Marito,
281 726 345 821 qui
366 735 552 818 comparat
574 719 672 791 aliud
694 721 927 792 connubium.
1090 723 1160 790 Ins.
1188 718 1362 802 Marime;
1392 721 1556 794 existimo
1581 749 1647 818 ego
1675 746 1930 819 persuasuram
1952 746 2025 796 esse

76 831 191 900 Verum
211 841 367 900 mutatus
392 841 445 899 est
469 825 614 896 animus
634 835 716 895 tuus
740 824 778 893 in
801 823 939 896 melius.
1260 861 1264 872 .
1296 809 1307 842 ’
1451 849 1531 896 eam
1553 827 1661 918 patri,

76 932 226 1004 Invenisti
248 931 392 1016 melius,
413 931 474 1002 scd
496 953 589 1013 sero,
1040 918 1116 994 945
1137 921 1177 992 si
1202 923 1346 1018 quidem
1369 938 1422 997 est
1443 930 1574 1000 mulier
1595 931 1687 1002 sicut
1709 929 1812 1003 aliae.

75 1035 270 1108 Consilium:
291 1031 381 1104 haec
393 1045 477 1105 sunt
486 1034 578 1102 facta
593 1031 755 1104 mulieris
768 1031 988 1102 moderatae.
1091 1027 1186 1097 Med.
1212 1025 1290 1118 Ego
1314 1051 1459 1123 quoque
1480 1043 1515 1102 tc
1535 1031 1714 1104 adiuvabo
1735 1033 1775 1101 in
1797 1029 1866 1102 hoc
1890 1034 2025 1104 labore.
2148 1019 2157 1030 ’

75 1137 187 1222 Vobis,
207 1138 333 1222 liberi,
352 1161 428 1206 non
450 1134 651 1206 inconsulte
672 1145 777 1226 pater
1090 1127 1184 1200 Nam
1207 1131 1348 1200 mittam
1371 1131 1405 1200 ei
1428 1135 1546 1220 dona,
1567 1159 1658 1230 quae
1682 1135 1858 1206 excellunt

39 1237 94 1316 975
114 1240 336 1334 Comparavit
357 1240 509 1309 multam
531 1237 682 1310 salutem
706 1261 786 1308 cum
808 1233 899 1306 Diis.
1090 1230 1196 1302 Nunc
1217 1233 1312 1302 inter
1333 1227 1517 1322 homines,
1540 1263 1605 1330 ego
1627 1240 1718 1310 bene
1742 1238 1833 1310 scio:

74 1343 228 1416 Existimo
249 1367 315 1414 vos
336 1339 442 1414 buius
465 1353 583 1411 terrae
610 1335 862 1410 Corinthiacae
1092 1333 1254 1405 Tenuem
1275 1349 1408 1430 vestem
1434 1351 1469 1410 et
1490 1365 1665 1412 coronam
1690 1363 1850 1424 auream,

73 1445 239 1540 Principes
261 1447 340 1516 iore
362 1469 443 1516 cum
465 1443 648 1515 fratribus.
1041 1431 1117 1506 950
1141 1435 1193 1507 Ea
1219 1437 1394 1538 femma)
1415 1442 1489 1513 mei
1504 1443 1580 1516 filii.
1631 1445 1700 1516 Sed
1716 1467 1824 1540 quam
1843 1439 2027 1516 celerrime

71 1549 126 1618 Sed
144 1551 305 1634 crescite,
335 1549 473 1644 reliqua
494 1544 654 1638 perficiet
1362 1617 1364 1624 .
1459 1557 1603 1640 oportet

73 1651 185 1736 Pater,
208 1666 243 1723 et
265 1651 427 1748 quisquis
448 1648 610 1720 Deorum
631 1647 761 1718 laverit
784 1643 898 1714 vobis.
1092 1641 1260 1734 Aliquem
1284 1668 1326 1714 ex
1345 1647 1489 1720 famulis
1511 1645 1582 1720 huc
1603 1649 1731 1720 afferre
1757 1664 1937 1722 ornatum.
2053 1649 2063 1660 '

39 1751 92 1828 oto
109 1755 250 1826 Utinam
267 1779 332 1826 vos
347 1755 488 1824 videam
505 1753 596 1822 bene
611 1753 801 1833 educatos,
822 1747 988 1818 adfinem
1094 1740 1159 1812 Illa
1182 1769 1312 1837 sponsa
1335 1761 1388 1820 est
1409 1729 1516 1822 beata'
1537 1777 1613 1822 non
1629 1776 1702 1822 una
1726 1753 1765 1822 iu
1779 1776 1840 1840 re,
1861 1753 1923 1826 sed
1937 1749 2030 1820 mul-

420 1853 619 1950 pubertatis
1456 1853 1637 1946 tipliciter,

72 1959 267 2046 Pervenire,
291 1959 493 2056 superiores
517 1957 606 2028 meis
629 1953 796 2026 inimicis.
1096 1943 1197 2037 Quae
1220 1960 1254 2017 te
1275 1949 1393 2022 virum
1415 1957 1593 2048 optimum
1614 1958 1786 2030 maritum
1814 1959 1943 2050 adepta
1968 1967 2032 2038 cst,

71 2061 152 2154 Quid
174 2078 212 2135 tu
232 2064 330 2156 rigas
351 2061 507 2156 pupillas
534 2059 684 2132 assiduis
704 2053 910 2148 lachrymis,
1094 2046 1142 2117 Εἴ
1163 2045 1309 2122 habebit
1331 2070 1518 2145 ornatum,
1544 2085 1650 2155 quem
1672 2059 1748 2146 Sol,

70 2167 228 2238 Avertens
250 2177 352 2238 'esto
373 2164 544 2236 candidu
569 2185 679 2256 gena!
1045 2145 1121 2222 955
1144 2151 1253 2224 Palel'
1273 2157 1387 2248 patris
1406 2162 1499 2247 meI,
1520 2165 1585 2234 (787
1604 2164 1676 2236 87778
1699 2164 1864 2258 posteris·

69 2266 177 2365 Neque
205 2269 337 2342 libenti
366 2269 532 2340 animoa
554 2290 613 2336 me
636 2262 765 2357 accipis
793 2256 891 2330 hunc
921 2279 993 2332 set·
1097 2253 1234 2328 Sumite
1256 2253 1460 2334 haec'dona
1484 2267 1660 2360 nuptialia
1685 2267 1789 2362 pueri
1810 2267 1848 2338 in
1865 2287 2006 2346 manus,

326 2365 330 2372 ’
416 2368 587 2444 monem?
1097 2355 1145 2428 Et
1165 2360 1291 2434 beatae
1314 2365 1483 2438 dominae
1504 2393 1657 2462 sponsae
1679 2375 1761 2444 date
2021 2357 2028 2375 ⁸

36 2467 88 2544 926
107 2477 196 2548 Med.
218 2471 324 2549 Nihil
339 2487 391 2548 est
403 2497 542 2558 causae,
557 2475 602 2542 de
618 2468 741 2541 liberis
755 2461 851 2539 hisce
867 2462 995 2556 cogito.
1095 2459 1282 2546 retentes
1303 2490 1379 2538 non
1398 2470 1548 2563 accipiet
1571 2475 1733 2566 vulgaria
1753 2500 1917 2548 munera.

68 2579 126 2647 los.
146 2577 300 2650 Confide
319 2601 435 2662 nunc,
459 2601 525 2669 ego
548 2578 640 2648 bene
661 2573 795 2644 curabo
818 2566 917 2640 haec.
1096 2567 1167 2636 Ias.
1192 2567 1334 2660 Quare,
1357 2595 1380 2642 o
1404 2575 1533 2660 stulta,
1554 2601 1704 2650 evacuas
1725 2589 1806 2650 tuas
1827 2575 1981 2654 manus?

68 2679 149 2751 Med.
170 2681 322 2752 Faciam
344 2677 452 2764 haec,
476 2701 552 2749 non
574 2679 735 2748 diffidam
758 2675 830 2745 tuis
850 2669 979 2742 verbis.
1047 2663 1123 2738 960
1145 2668 1302 2744 Putasne
1326 2677 1477 2748 domum
1498 2679 1635 2771 regiam
1659 2705 1781 2756 carere
1804 2681 1931 2756 stolis?

68 2779 169 2862 „Sum
187 2783 340 2856 mulier:
363 2783 425 2882 qui
449 2805 550 2853 sexus
572 2793 701 2852 natura
724 2778 772 2847 ad
792 2771 994 2869 lachrymas
1095 2769 1206 2844 Putas
1229 2776 1346 2848 auro?
1369 2803 1491 2864 serva,
1512 2805 1588 2852 nou
1609 2785 1672 2856 des
1693 2779 1793 2858 hacc.

421 2897 474 2956 est
497 2880 736 2978 proclivi270).
1097 2873 1190 2946 Nam
1216 2876 1246 2948 si
1273 2903 1340 2950 nos
1359 2885 1465 2952 ducet
1486 2883 1525 2954 in
1548 2886 1668 2982 aliqua
1692 2887 1956 2962 existimatione

68 2987 125 3057 Im.
146 2987 243 3083 Quid
269 3001 388 3059 autem
415 2999 601 3081 tantopere
626 2981 828 3077 ingemiscis
846 2991 995 3074 propter
1097 2977 1247 3064 Mulier,
1272 2985 1415 3076 augebit
1436 2999 1471 3056 te
1493 2992 1724 3078 muneribus,
1745 2995 1836 3069 bene
1858 2993 1931 3066 scio
1955 3013 2033 3080 ego.

420 3090 552 3160 liberos
574 3086 704 3160 hosce?
1096 3083 1190 3152 Med.
1205 3081 1258 3154 Ne
1272 3085 1369 3158 dicas
1386 3085 1476 3158 mihi
1492 3091 1576 3172 ista;
1590 3093 1704 3164 fertur
1716 3100 1825 3170 etiam
1841 3093 1937 3166 Deos
1952 3115 2033 3184 per·

31 3179 88 3255 900
104 3191 194 3264 Med.
218 3193 353 3286 Peperi
376 3217 456 3276 eos,
481 3205 517 3262 et
541 3194 686 3286 quaudo
711 3184 916 3283 optabas'fl)
942 3183 993 3252 vi·
1457 3195 1602 3264 suaderi
1621 3197 1738 3270 donis,

417 3319 501 3365 vere
523 3295 656 3365 libem,
677 3315 789 3376 meos,
1046 3280 1122 3355 905
1145 3286 1313 3369 „Aurum
1338 3293 1522 3383 potentius
1542 3310 1596 3369 est
1616 3300 1710 3374 iuter
1734 3297 1898 3372 homines
1923 3323 2033 3398 quam

66 3391 240 3470 Miseratio
268 3422 328 3468 me
352 3398 468 3482 subit,
491 3421 539 3467 an
562 3393 631 3468 hoc
651 3397 812 3467 futurum
836 3392 894 3464 sit.
1451 3397 1613 3470 infinitae
1635 3403 1886 3498 orationes⁷⁸).

65 3493 242 3572 Caeterum
264 3501 420 3596 quoium
434 3523 539 3574 causa
555 3523 694 3571 mecum
712 3500 759 3568 ad
773 3494 993 3591 colloquium
1096 3489 1182 3574 „Illi
1204 3495 1300 3564 iavet
1323 3498 1487 3584 somrma,
1511 3503 1610 3573 olam
1632 3531 1729 3580 nuuc
1750 3519 1856 3598 auget
1875 3506 1986 3584 Deus.

419 3604 561 3688 venisti,
1095 3593 1200 3665 Nova
1226 3623 1358 3690 sponsa
1383 3605 1612 3688 dominatur;
1646 3633 1810 3686 meorum
1837 3610 2034 3686 liberorum

64 3697 110 3772 Ea
133 3705 270 3799 partim
294 3704 388 3778 dicta
412 3720 514 3792 sunt,
535 3705 668 3802 partim
691 3703 866 3776 dicentur.
1458 3709 1603 3782 exilium

65 3801 256 3904 Postquam
280 3809 430 3880 domino
451 3806 558 3883 hulus
579 3821 696 3882 terrae
719 3807 838 3901 placet
856 3825 915 3874 me
940 3825 993 3870 re·
1097 3797 1215 3870 Etiam
1233 3802 1306 3874 vita
1330 3808 1566 3898 redimerem,
1587 3839 1663 3886 non
1685 3815 1801 3888 solum
1825 3839 1926 3886 auro.

415 3913 547 4006 lagare,
1097 3901 1252 3989 Verum,
1274 3929 1296 3976 o
1320 3909 1404 3994 lilii,
1429 3912 1603 3988 intrantes
1628 3918 1782 3988 vicinam
1806 3921 1956 3988 domum

28 3997 85 4076 9³5
105 4007 150 4082 Et
171 4009 243 4084 boc
264 4009 354 4084 mihi
376 4029 430 4087 est
453 4017 650 4110 optimum,
672 4013 802 4106 probo,
1046 4001 1122 4076 970
1144 4005 1282 4090 Palm,
1308 4033 1439 4082 novam
1465 4041 1614 4088 uxorem
1638 4033 1674 4089 et
1688 4041 1806 4096 meam
1828 4021 2019 4091 dominam

64 4109 107 4182 Ut
132 4139 209 4188 non
232 4111 293 4188 hic
317 4117 375 4188 rel
401 4119 467 4188 tibi
489 4119 547 4189 vel
576 4117 726 4187 domino
746 4111 853 4186 buius
877 4123 993 4180 terrae
1095 4107 1279 4201 Supplices
1301 4128 1426 4198 orate,
1448 4119 1579 4210 petite,
1600 4144 1646 4190 ne
1668 4123 1787 4190 eiiciat
1810 4147 1874 4193 vos
1896 4123 1935 4190 in
1960 4123 2032 4191 exi-

416 4221 484 4294 sim
507 4219 780 4312 impedimento,
1455 4219 1557 4304 tium,

61 4311 250 4404 liabitanss
273 4321 416 4394 viderer
438 4323 534 4394 enim
553 4322 668 4394 odisse
685 4335 784 4392 tuam
806 4313 993 4388 familiam.
1097 4311 1233 4385 Dantes
1248 4316 1343 4388 istud
1352 4336 1623 4404 ornamentum
1639 4319 1707 4394 har
1716 4324 1811 4396 enim
1820 4345 1859 4398 re
1867 4337 2031 4418 opusest,

60 4411 130 4512 Ego
153 4425 337 4498 discedam
362 4451 405 4496 er
428 4421 495 4495 hac
519 4440 615 4496 terra
639 4422 859 4494 inexilium.
1096 4415 1146 4486 Ut
1171 4417 1247 4510 ipsa
1270 4423 1422 4515 accipiat
1446 4423 1485 4493 in
1506 4447 1635 4497 manus
1659 4422 1747 4498 baec
1770 4429 1878 4500 dona.

60 4519 105 4592 Ut
125 4539 249 4598 autem
272 4529 377 4600 liberi
400 4527 538 4622 possint
562 4527 708 4598 educari
732 4539 793 4596 tua
817 4543 944 4604 mauu,
1095 4513 1147 4588 Ite
1177 4545 1285 4616 quam
1318 4525 1524 4611 celerrime,
1560 4539 1596 4598 et
1623 4529 1731 4600 matri
1754 4533 1798 4602 de
1821 4531 1909 4616 illis,
1940 4555 2032 4626 qnae

21 4609 82 4692 940
102 4625 204 4720 Roga
220 4630 434 4717 Creontem,
456 4655 503 4702 ne
524 4641 698 4722 cogantur
714 4627 766 4696 ire
781 4626 819 4696 in
835 4623 992 4694 erilium.
1462 4630 1562 4722 cupit
1582 4633 1767 4726 consequi,

60 4729 121 4802 los.
144 4731 254 4806 Haud
274 4735 368 4820 scio,
392 4759 439 4806 au
461 4756 697 4828 persuasurus
715 4731 784 4802 sim
804 4751 907 4806 cums
931 4727 990 4798 sed
1045 4719 1121 4794 975
1142 4723 1276 4796 Afferte
1294 4727 1431 4799 bonurn
1453 4732 1642 4818 orantium,
1664 4757 1705 4806 re
1727 4759 1897 4829 prospere
1923 4747 2013 4806 acta.

416 4849 561 4932 oportet
583 4848 722 4906 tentare
745 4846 878 4904 tamen.
1393 4861 1601 4966 [semme
1634 4865 1691 4970 1.]

24 4995 215 5026 ··---
1098 4980 1196 5051 Olor.
1219 4977 1324 5052 Nunc
1347 4985 1445 5056 nulla
1467 4987 1621 5082 amplius
1643 5015 1723 5086 spes
1753 5001 1805 5062 est
1826 4989 1919 5059 vitae
1945 4988 2032 5058 libe·

45 5125 87 5190 ⁷⁰)
109 5139 155 5188 ⁸⁸⁸
175 5134 325 5206 ’‘⁰⁰¹¹th
349 5138 393 5192 ⁸¹⁰
418 5135 466 5206 (ιτ
488 5139 586 5206 turp.
609 5133 680 5208 too)
702 5119 753 5192 td.
779 5133 879 5194 ms
907 5129 992 5184 laiss.
1416 5197 1421 5208 ³
1462 5114 1608 5172 rorum,

77 5201 166 5274 1978,
186 5205 265 5262 affl.
282 5221 345 5260 sorr
362 5207 504 5274 proottstr.
1051 5219 1255 5240 ---

45 5295 565 5444 ,1777777δῗιῶὓιὲρξιῗιξῃὶ777υ7ξηξ
585 5302 993 5442 gffllllumlrtilnnlslffi
1079 5351 1127 5422 77)
1145 5349 1252 5422 terunt]
1268 5355 1311 5410 sin
1326 5355 1412 5412 rute
1427 5357 1520 5425 1797,
1538 5359 1637 5426 Beraq
1655 5359 1705 5414 td.
1719 5359 1795 5414 ¹⁸³0.
1812 5361 1903 5412 terens
1920 5360 2030 5424 (ΜΡ,

75 5439 151 5494 un·
167 5445 246 5496 asan
260 5447 353 5502 um
369 5449 501 5512 cosmo
522 5441 674 5516 tragon,
697 5456 770 5512 ,aas
792 5442 821 5498 u
844 5441 895 5496 rs.
915 5441 992 5494 ssu.
1114 5421 1277 5492 pesonae).

76 5505 122 5565 ss,
136 5511 266 5583 amm),
1079 5509 1129 5576 tt)
1148 5513 1182 5564 ΙΙ.
1199 5512 1219 5564 t
1238 5509 1267 5563 tr
1284 5509 1370 5569 Mitt.
1393 5511 1485 5578 ttae,
1508 5512 1583 5569 tw.
1603 5517 1668 5566 rots
1684 5525 1789 5584 nug:
1815 5517 1959 5568 numm·
1975 5515 2029 5566 ru.
2066 5563 2069 5571 Δ
