4844 6122
63 272 109 348 1⁵
255 255 401 335 XLVII.
447 251 846 332 ntrnttrrtn'rarlo
872 253 1046 331 OPERIS
1072 253 1462 353 QUADRIPARTITI
1486 253 1773 330 PTOLEMAEI
1802 253 1894 334 LlB.
1915 256 1943 332 Ι.
2083 260 2133 335 14

64 457 179 543 partes
196 435 370 533 aliquae,
397 443 543 528 turgent
557 453 600 506 ea
618 443 818 516 crescente,
851 441 888 502 et
909 443 1078 503 arescunt
1129 431 1228 502 iuxta
1249 429 1387 526 positus
1412 429 1595 502 stellarum
1619 431 1847 524 praedicere,
1890 435 1987 529 quod
2010 435 2132 506 lutura

1129 536 1202 609 sint
1226 536 1401 608 calidiora
1430 550 1492 609 aut
1513 529 1742 621 humidiora,
1776 550 1853 608 tum
1876 535 1920 608 de
1941 534 2134 610 hominum

164 647 313 718 Deinde
328 641 468 726 stellae,
483 654 560 712 tum
577 641 667 712 lixae
682 651 760 710 tum
777 651 950 725 errantes,
967 639 1077 731 signi·
1129 641 1424 734 temperamentis
1442 667 1485 712 ex
1501 640 1592 709 coeli
1607 641 1779 738 qualitate
1798 641 1984 712 iudicare?
2022 643 2134 713 veluti

75 758 179 826 beant
191 751 233 820 in
251 773 331 818 aere
348 745 410 816 vel
430 757 567 831 aestus,
592 743 651 814 vel
667 743 786 825 nives;
819 745 918 814 unde
943 755 979 812 et
1001 767 1079 812 cae·
1130 771 1260 839 corpus
1277 745 1428 817 alicuius
1444 736 1626 842 esse'tale,
1653 756 1688 815 et
1701 769 1821 816 mores
1839 745 1952 815 animi
1966 745 2075 832 tales,
2099 758 2135 817 et

81 872 159 928 tera
171 868 309 923 terrena
324 851 557 920 adficiuntur.
608 845 710 940 Ipsae
724 871 811 918 vero
830 848 975 918 interse
993 871 1078 916 con·
1130 863 1316 922 secuturos
1340 874 1415 921 esse
1438 850 1526 918 tales
1550 861 1718 934 eventus,
1754 849 1839 943 quia
1865 850 1955 920 coeli
1979 851 2134 946 qualitas

92 981 222 1051 gressae
236 955 380 1026 miscent
394 965 624 1045 potestatem,
640 961 675 1020 et
688 953 808 1024 varias
824 949 983 1021 efficiunt
998 975 1078 1022 mu·
1130 966 1417 1048 temperamento
1433 951 1649 1022 conveniens
1665 965 1700 1022 et
1716 953 1846 1023 idonea
1863 953 1909 1024 sit
1924 955 1971 1023 ad
1995 957 2133 1024 bonum

99 1061 245 1142 tationes;
275 1059 320 1127 in
344 1057 476 1152 quibus
499 1055 564 1127 etsi
586 1057 766 1126 antecellit
786 1057 840 1128 vis
861 1055 973 1140 Solis,
1007 1077 1077 1146 pro
1129 1054 1311 1140 habitum;
1337 1069 1401 1128 aut
1414 1056 1460 1127 sit
1477 1055 1658 1126 contraria
1677 1067 1712 1124 et
1726 1057 1941 1126 detrimenta
1959 1057 2108 1128 adierat.

94 1163 227 1255 generali
260 1159 543 1243 constitutione,
582 1171 705 1228 tamen
728 1159 889 1256 reliquae
919 1171 984 1228 aut
1014 1159 1078 1228 ad·
1232 1159 1285 1230 Ac
1314 1161 1403 1231 tales
1437 1161 1581 1230 effectus
1608 1159 1756 1230 existere
1779 1173 1813 1229 et
1836 1183 1920 1230 vera
1947 1173 2024 1231 arte
2048 1185 2134 1254 pro·

86 1266 196 1339 iiciunt
217 1278 288 1337 aut
307 1263 519 1334 diminuunt
541 1261 690 1357 aliquid.
954 1320 957 1332 ,
1130 1263 1220 1358 spici
1236 1289 1277 1333 ac
1292 1263 1453 1355 praedici
1471 1287 1595 1358 posse,
1624 1287 1666 1332 ex
1688 1258 1744 1334 his
1767 1275 1802 1334 et
1818 1263 1995 1336 similibus
2008 1264 2134 1360 liquet.

170 1373 222 1443 Ac
245 1365 379 1440 Lunae
403 1365 549 1464 quidem
579 1367 725 1438 effectus
753 1363 1016 1436 manifestiores
1044 1375 1080 1433 et
1113 1445 1118 1450 ,
1235 1365 1345 1462 Quod
1358 1381 1478 1438 autem
1495 1365 1608 1461 aliqui
1624 1366 1891 1438 calumniantur
1916 1379 2032 1438 artem
2055 1381 2135 1438 tan-

85 1475 273 1546 crebriores
295 1483 398 1544 sunt:
439 1481 482 1540 ut
499 1469 538 1539 in
563 1467 837 1553 coniunctione,
866 1466 1079 1564 quadranti·
1132 1493 1242 1566 quam
1277 1470 1558 1566 impossibilem,
1602 1470 1669 1541 etsi
1703 1495 1830 1542 causae
1862 1484 2135 1566 praetexuntur,

83 1579 183 1650 boses
198 1573 415 1672 pleniluniis
432 1585 595 1666 apparet.
646 1572 823 1668 Reliquae
844 1595 932 1642 vero
955 1571 1079 1643 stellae
1131 1587 1254 1644 tamen
1275 1569 1342 1646 has
1365 1574 1491 1646 inanes
1517 1598 1591 1644 esse
1609 1573 1659 1644 sic
1681 1575 1834 1667 intelligi
1857 1576 2003 1668 poterit.
2053 1575 2136 1646 Pri-

83 1683 237 1776 longiora
271 1678 467 1750 intervalla
500 1672 653 1762 habent,
698 1687 734 1748 et
769 1675 995 1747 obscuriores
1030 1675 1080 1744 ef·
1131 1703 1252 1764 mum,
1279 1677 1537 1763 cumindocti,
1562 1677 1667 1748 utin
1692 1679 1979 1750 consideratione
2004 1702 2137 1774 magna

81 1788 264 1870 sectiones,
291 1785 380 1855 dum
397 1781 486 1852 alias
499 1793 696 1873 apparent,
727 1779 815 1850 alias
839 1779 1079 1862 occultantur,
1132 1795 1167 1852 et
1191 1781 1403 1874 multiplici,
1443 1805 1549 1872 saepe
1569 1777 1855 1865 hallucinentur,
1897 1783 2045 1867 accidit,
2080 1797 2134 1868 ut,

85 1892 160 1962 alias
175 1893 222 1961 ad
238 1886 472 1958 latitudinem
487 1884 646 1979 aliquam
662 1883 861 1956 discedunt.
921 1881 1026 1975 Quae
1050 1881 1081 1951 si
1132 1885 1161 1955 si
1181 1911 1251 1980 qua
1269 1909 1353 1954 vera
1369 1885 1646 1977 praedicuntur,
1679 1909 1762 1956 casu
1784 1885 1900 1977 magis
1923 1909 2032 1980 quam
2058 1899 2135 1956 arte

88 1995 158 2090 quis
171 1991 434 2075 considerabit,
462 1989 660 2080 comperiet
681 2013 757 2058 non
778 1987 895 2058 solum
913 2007 1080 2078 corpora,
1133 1988 1254 2084 aliqua
1273 1989 1457 2082 praedicta
1478 1988 1737 2060 existimentur.
1799 1989 1868 2060 Sed
1891 1989 2057 2084 iniquum
2083 2001 2136 2060 est

85 2111 280 2190 postquam
294 2107 376 2162 nata
391 2105 426 2162 et
443 2091 605 2164 absoluta
622 2105 725 2178 sunt,
758 2091 863 2160 adlici
880 2101 983 2160 motu
1001 2113 1081 2167 coe·
1133 2093 1202 2161 arti
1217 2093 1417 2164 adscribere
1431 2105 1572 2176 errata,
1599 2117 1692 2187 quae
1715 2095 1760 2163 ab
1782 2092 2025 2163 imbecillitate
2051 2117 2138 2186 pro·

95 2197 257 2281 lesbum,
282 2196 454 2266 sedetiam
472 2195 610 2266 semina
634 2195 712 2289 ipsa
735 2194 841 2264 initio
864 2195 1022 2264 sormam
1046 2203 1082 2262 et
1131 2195 1308 2266 fessorum
1324 2195 1502 2268 oriuntur.
1523 2195 1715 2266 Praeterea
1731 2197 1836 2268 multi
1848 2210 2016 2296 quaestus
2029 2221 2135 2268 causa

94 2299 304 2370 incrementa
327 2325 394 2394 pro
419 2299 593 2394 qualitate
614 2298 705 2370 coeli
725 2297 898 2390 accipere.
957 2296 1080 2389 Quare
1134 2299 1222 2370 alias
1238 2299 1481 2372 divinationes
1497 2299 1704 2385 venditant,
1737 2302 1887 2372 nomine
1906 2313 1942 2370 et
1963 2301 2137 2394 dignitate

89 2404 259 2496 agricolae
299 2415 334 2474 et
372 2415 537 2496 pastores
574 2425 663 2496 prae
697 2402 846 2472 caeteris
880 2400 1081 2493 diligentes,
1132 2398 1240 2474 huius
1255 2405 1356 2487 artis,
1383 2427 1425 2474 ac
1441 2403 1548 2494 vulgo
1566 2403 1771 2495 imponunt,
1799 2405 1911 2475 multa
1928 2404 2139 2498 praedicen-

88 2533 158 2578 cum
172 2508 329 2604 pecudes
344 2509 391 2576 ad
409 2507 544 2576 coitum
561 2507 777 2590 admittunt,
801 2517 865 2576 aut
887 2515 1082 2576 conserunt
1134 2519 1206 2592 tes,
1234 2531 1326 2602 quae
1347 2531 1422 2577 non
1439 2505 1685 2600 significantur
1700 2509 1927 2578 naturalibus
1943 2507 2070 2580 causis.

91 2633 199 2703 agros,
226 2636 273 2682 ex
293 2609 567 2703 tempestatibus
588 2610 813 2698 coniecturas
834 2611 878 2680 de
896 2609 1082 2680 eventibus
1236 2608 1378 2680 Horum
1394 2611 1555 2680 vanitate
1577 2606 1822 2703 deprehensa,
1848 2611 2049 2704 sagaciores
2073 2609 2138 2680 ali-

89 2716 221 2787 laciunt.
283 2713 454 2810 Denique
471 2713 657 2806 praecipui
680 2714 824 2785 effectus
848 2726 884 2783 et
905 2713 1082 2805 significa·
1135 2713 1198 2810 qui
1234 2707 1341 2784 etiam
1379 2726 1537 2784 caeteras
1570 2713 1856 2806 praedictiones,
1892 2738 1984 2811 quae
2018 2737 2039 2783 a
2072 2737 2138 2784 na·

87 2818 189 2892 tiones
221 2818 442 2890 illustriores
476 2815 568 2888 Solis
605 2829 640 2888 et
668 2815 795 2888 Lunae
831 2811 866 2888 et
896 2817 1080 2889 stellarum
1134 2817 1311 2889 toralibus
1341 2816 1455 2888 causis
1485 2829 1698 2903 sumuntur,
1736 2832 1918 2912 suspectas
1942 2815 2078 2888 habent
2102 2829 2140 2888 et

85 2925 163 2994 adeo
194 2933 315 2992 certae
348 2931 452 3004 sunt,
491 2933 534 2990 ut
558 2921 666 2991 etiam
689 2923 735 2992 ab
760 2920 896 3014 ignaris
917 2918 1082 3017 physices
1135 2925 1321 2993 damnant.
1373 2918 1413 2990 ld
1431 2932 1550 2990 autem
1570 2921 1742 2994 iniustum
1760 2935 1824 2995 est.
1868 2923 1962 2996 Nam
1978 2916 2140 3014 nccphi·

83 3029 150 3098 sola
182 3025 442 3096 observatione
471 3019 800 3117 deprehendantur.
873 3023 921 3095 Et
953 3027 993 3095 in
1026 3021 1083 3096 his
1134 3021 1299 3118 losophia
1317 3024 1399 3094 ideo
1416 3024 1576 3094 tollenda
1592 3027 1828 3110 estemedio,
1856 3030 1954 3122 quod
1971 3023 2140 3096 nonnulli

90 3131 254 3222 quosdam
278 3128 449 3210 effectus,
490 3140 590 3198 ortos
614 3152 633 3197 a
657 3129 862 3221 potentiore
886 3153 1013 3214 causa,
1049 3139 1084 3198 et
1135 3130 1293 3200 studium
1311 3129 1386 3200 eius
1410 3127 1640 3214 simulantes,
1675 3132 1780 3222 pravi
1803 3144 1887 3202 sunt
1911 3143 1947 3201 et
1964 3131 2140 3222 imposto-

91 3230 296 3323 simpliciore
321 3243 478 3300 naturae
502 3231 650 3316 ordine,
684 3231 793 3301 etiam
816 3231 972 3318 indocti,
1007 3233 1083 3300 imo
1135 3257 1203 3304 res.
1257 3231 1446 3302 Caeterum
1464 3233 1694 3304 manifestum
1711 3247 1783 3319 est,
1819 3233 1927 3328 etiam
1945 3246 2139 3303 recteeru-

86 3347 117 3404 et
130 3337 233 3404 bruta
249 3335 432 3430 quaedam
449 3335 647 3404 animantia
665 3334 929 3426 praesentiunt:
955 3347 997 3406 ut
1013 3345 1085 3406 sta·
1135 3337 1230 3406 ditos
1244 3334 1284 3408 in
1299 3333 1515 3429 disciplinis,
1543 3337 1606 3432 qui
1629 3361 1760 3431 magna
1787 3363 1868 3410 cum
1895 3335 2078 3430 diligentia
2104 3349 2140 3407 et
2180 3385 2183 3391 -

85 3451 134 3510 tas
147 3439 242 3509 vices
258 3437 368 3524 anni,
396 3447 460 3508 aut
483 3450 736 3530 tempestatum
760 3437 986 3521 discrimina;
1018 3433 1083 3509 has
1136 3439 1347 3510 dexteritate
1365 3441 1403 3510 in
1420 3435 1488 3510 hac
1506 3452 1583 3512 arte
1601 3454 1803 3527 versantur,
1829 3467 1935 3536 saepe
1948 3442 2037 3526 falli,
2063 3464 2140 3511 non

89 3543 177 3612 enirn
194 3541 260 3612 Sol
275 3540 470 3634 praecipue
486 3541 673 3633 gubernat.
1136 3555 1286 3637 propter
1303 3569 1362 3614 eas
1378 3568 1522 3630 causas,
1549 3569 1639 3640 quas
1659 3545 1731 3614 iam
1753 3547 1936 3632 recensui,
1972 3547 2034 3617 sed
2055 3567 2141 3637 pro-

181 3645 252 3715 sed
282 3643 431 3716 effectus
454 3657 554 3716 ortos
575 3669 596 3713 a
620 3643 854 3716 debilioribus
878 3645 993 3717 causis
1019 3671 1084 3717 no·
1135 3661 1218 3741 pter
1230 3647 1283 3718 rei
1297 3657 1466 3717 naturam
1483 3661 1519 3718 et
1533 3649 1813 3719 imbecillitatem
1825 3645 1977 3720 humani
1991 3647 2140 3742 ingenii,

83 3761 164 3818 runt
177 3743 238 3831 hi,
266 3773 358 3843 quos
374 3747 564 3819 necessitas
581 3749 628 3818 ad
644 3749 933 3819 observationem
949 3751 1083 3842 adegit:
1137 3753 1236 3848 quod
1251 3750 1539 3843 magnitudinem
1557 3751 1645 3824 artis
1659 3775 1735 3823 non
1752 3753 1965 3848 assequitur.

82 3863 121 3921 ut
137 3863 272 3920 nautae
296 3851 631 3922 animadverterunt
651 3851 887 3944 particulares
908 3853 1084 3946 significa·
1237 3854 1404 3926 Primum
1430 3855 1525 3924 enim
1552 3857 1669 3929 omnis
1691 3855 1855 3927 doctrina
1890 3859 1934 3927 de
1965 3853 2140 3924 materiae

81 3953 201 4024 tiones
212 3953 419 4044 pluviarum
435 3967 471 4023 et
485 3968 698 4040 ventorum,
730 3981 823 4050 quae
847 3957 951 4028 certis
975 3958 1084 4028 inter·
1137 3957 1332 4052 qualitate,
1359 3983 1400 4029 ac
1417 3961 1628 4051 praesertim
1645 3986 1687 4032 ex
1703 3961 1827 4032 multis
1840 3959 2062 4055 diversisque
2083 3981 2140 4028 re-

87 4057 195 4124 vallis
210 4055 374 4144 redeunt,
400 4071 551 4152 propter
565 4057 691 4130 Lunae
706 4071 768 4130 aut
790 4061 973 4132 stellarum
999 4062 1084 4130 fixa·
1135 4062 1202 4133 bus
1238 4075 1446 4145 concretae,
1493 4063 1708 4136 coniecturis
1739 4067 1861 4158 potius
1895 4088 2004 4160 quam
2040 4075 2139 4132 certa

80 4182 170 4230 rum
188 4155 484 4250 configurationes
499 4165 544 4232 ad
559 4163 699 4243 Solem;
734 4163 797 4257 qui
823 4176 964 4250 tamen,
998 4163 1083 4260 quia
1135 4165 1282 4236 scientia
1313 4177 1463 4238 constat.
1530 4165 1670 4238 Deinde
1693 4169 1828 4239 accedit
1850 4181 1886 4239 et
1908 4165 1997 4252 hoc,
2039 4167 2138 4262 quod
2209 4157 2212 4168 ⁴

79 4274 235 4354 propter
251 4261 426 4334 inscitiam
444 4287 511 4336 nec
532 4279 697 4360 tempora
718 4291 785 4336 nec
808 4268 886 4336 loca
907 4280 993 4338 nota
1020 4265 1084 4338 ha·
1135 4281 1272 4341 veteres
1287 4271 1471 4341 stellarum
1487 4272 1810 4364 configurationes,
1836 4297 1855 4342 a
1875 4271 2006 4366 quibus
2020 4295 2142 4341 exem-¹

76 4361 178 4450 hent,
204 4391 272 4436 nec
285 4367 514 4460 planetarum
530 4369 717 4454 circuitus,
745 4370 808 4465 qui
822 4393 993 4464 magnam
1008 4372 1081 4440 vim
1134 4371 1194 4463 pla
1212 4373 1429 4444 iudiciorum
1446 4374 1640 4460 sumimus,
1664 4399 1852 4470 nunquam
1876 4375 2027 4446 omnino
2053 4398 2140 4443 con-

84 4462 234 4556 habent,
261 4485 419 4558 norunt,
443 4497 550 4566 saepe
566 4473 752 4544 falluntur.
1135 4487 1269 4568 gruunt
1302 4479 1348 4546 ad
1378 4477 1536 4569 positum
1571 4477 1730 4550 siderum
1764 4479 1928 4576 sequenti
1954 4470 2138 4571 tempore.

182 4574 286 4670 Quid
304 4589 425 4646 autem
442 4577 609 4661 obstabit,
632 4601 727 4660 eum,
745 4577 808 4672 qui
825 4577 987 4650 omnium
1002 4577 1083 4648 stel-
1133 4578 1226 4650 Nam
1244 4581 1357 4672 magis
1374 4593 1437 4650 aut
1458 4581 1578 4654 minus
1600 4595 1683 4675 post
1706 4583 1815 4677 longa
1837 4581 2026 4653 intervalla
2052 4606 2137 4651 con·

84 4671 196 4748 larum
215 4691 253 4748 et
269 4679 364 4751 Solis
381 4693 418 4750 et
431 4677 557 4752 Lunae
581 4693 721 4764 motus,
757 4694 920 4774 tempora
946 4696 981 4754 et
1003 4681 1080 4750 loca
1134 4705 1262 4776 gruere
1277 4695 1450 4777 possunt,
1475 4709 1623 4776 prorsus
1643 4697 1763 4756 autem
1786 4687 1979 4757 convenire
2000 4708 2138 4780 nequa-
2191 4681 2197 4694 '

79 4781 199 4866 novit,
227 4795 266 4852 et
287 4807 332 4852 ex
351 4798 524 4877 perpetua
545 4784 658 4854 veteri
684 4785 934 4855 observatione
957 4809 1081 4856 earum
1135 4810 1256 4880 quam.
1308 4786 1503 4881 Nunquam
1521 4787 1631 4872 enim,
1657 4801 1720 4859 aut
1737 4803 1831 4863 certe
1847 4814 1923 4862 non
1939 4789 1982 4862 iis
1998 4787 2135 4883 spatiis,

79 4895 228 4958 naturas
255 4885 403 4971 didicit,
434 4911 510 4958 non
531 4889 654 4984 quales
676 4887 714 4958 in
734 4887 813 4981 ipso
833 4890 934 4960 coelo
959 4888 1083 4986 sint¹),
1134 4913 1226 4984 quae
1249 4885 1554 4984 comprehendere
1575 4886 1743 4963 homines
1766 4906 1937 4986 possunt,
1967 4891 2046 4961 fieri
2069 4915 2135 4983 po·

81 4987 140 5054 sed
161 4991 291 5084 quales
311 4985 471 5062 habeant
490 4993 697 5076 facultates,
736 5006 772 5062 et
803 5018 893 5089 quos
918 4993 1081 5064 effectus:
1133 4992 1238 5077 terit,
1277 5007 1318 5064 ut
1347 4994 1472 5063 redeat
1493 4994 1587 5065 idem
1609 4995 1746 5088 positus
1767 4996 1925 5067 siderum
1948 5007 1983 5064 et
2006 4994 2136 5066 eadem

79 5093 234 5186 utquod
251 5091 318 5164 Sol
333 5095 511 5180 calefacit,
539 5093 643 5166 Luna
669 5091 868 5178 humectat;
908 5091 1004 5168 hunc
1027 5096 1083 5164 in·
1132 5107 1251 5166 terrae
1275 5097 1502 5182 constitutio,
1552 5097 1623 5169 nisi
1654 5099 1734 5194 quis
1761 5099 1862 5168 inani
1892 5095 2134 5169 ostentatione

78 5217 207 5286 quam,
236 5197 327 5293 quid
344 5211 442 5270 vetat
458 5195 605 5295 physica
621 5200 907 5272 consideratione
930 5215 965 5270 et
987 5211 1081 5292 apte,
1132 5200 1267 5268 iactare
1295 5199 1381 5270 velit
1409 5225 1532 5271 earum
1562 5227 1682 5271 rerum
1710 5203 1999 5294 perceptionem,
2039 5225 2133 5294 quae

78 5300 330 5373 exsultatione
349 5303 534 5390 omnium,
561 5317 637 5376 tum
663 5305 853 5400 qualitates
874 5317 1079 5398 temporum
1133 5299 1390 5396 comprehendi
1422 5327 1607 5399 nunquam
1636 5317 1797 5397 possunt.
1866 5303 2133 5376 Dissimilitudo

82 5427 292 5478 --.-’..
1132 5405 1242 5498 igitur
1265 5407 1510 5501 exemplorum
1534 5432 1639 5479 causa
1664 5423 1736 5496 est,
1762 5434 1826 5480 cur
1854 5408 1892 5478 in
1913 5407 2129 5500 praedictio-

107 5538 139 5606 2)
157 5542 230 5606 m]
249 5542 302 5596 „g
320 5539 399 5594 m,
419 5501 492 5592 jung
1102 5529 1107 5566 ι
1132 5510 1238 5582 nibus
1264 5513 1399 5616 aliquid
1423 5511 1470 5582 sit
1498 5535 1676 5584 errorum.
1744 5511 2015 5584 Conturbantur
2043 5532 2129 5598 ergo
