4692 6108
419 11 446 68 Ι

329 191 401 264 871
909 191 1033 268 Plilh.
1058 197 1172 277 MEI».
1205 205 1408 282 SCRIPTA
1434 211 1772 292 PHILOLOGICA.

380 367 463 434 Bac.
480 361 575 434 Num
594 362 812 437 existimabis
831 387 888 434 me
906 367 1063 457 primum
1082 385 1229 450 tuorum
1245 385 1334 456 ami·
1439 385 1543 458 Hunc
1560 389 1598 458 in
1622 415 1793 484 magnum
1817 411 2008 476 certamen.
2064 397 2167 487 Victor
2183 444 2245 494 cero
2262 431 2295 498 ln.

745 489 891 552 cormn,
1798 511 1899 573 turus
1913 531 1991 576 sum
2008 532 2085 603 ego,

381 569 536 661 Quando
562 581 704 661 praeter
730 582 833 742 tqpm
854 570 1063 750 opinioppm
1090 581 1226 736 vqlebis
1242 589 1332 663 Bac·
1434 591 1480 660 Et
1494 593 1680 678 Bromium
1709 614 1846 673 caetera
1864 631 1920 678 res
1937 609 2013 705 ipsa
2030 616 2186 694 indicabit.

743 697 967 747 casessem
1022 695 1130 756 estas.

385 781 470 846 Pan.
499 777 678 847 Utrumne
693 770 856 869 thyrsum
874 777 997 852 dextra
1016 807 1160 862 sumens
1176 743 1321 881 manu,
1752 767 2009 882 [Stropt0,]

2313 919 2314 952 l

334 879 410 952 940
436 881 510 950 Aut
525 881 563 948 in
580 879 709 962 altera,
735 876 899 952 Bacchae
914 887 1027 978 magis
1042 890 1168 965 similis
1186 897 1273 968 ero?
1384 893 1459 968 975
1489 904 1589 973 Cher.
1624 901 1696 990 lte,
1732 909 1861 983 celeres
1886 939 1991 990 canes

385 986 469 1054 Bac.
497 980 536 1052 ln
554 983 675 1051 dextra
693 984 880 1069 convenit,
908 999 943 1056 et
958 989 1065 1063 simul
1081 998 1205 1069 dextro
1220 1004 1310 1094 pede
1792 1030 1973 1104 montem,

386 1085 529 1155 Tollere
544 1109 642 1165 eum;
658 1085 765 1155 laudo
776 1111 876 1173 vero,
894 1094 993 1184 quod
1005 1101 1150 1170 mutasti
1162 1118 1329 1178 mentem.
1435 1103 1507 1173 Ubi
1528 1106 1655 1178 Cadmi
1669 1111 1763 1181 filiae
1781 1111 1935 1191 thiasum
1959 1127 2141 1201 celebrant.
2313 1089 2314 1170 l

386 1191 470 1260 Pea.
491 1189 694 1276 ‚Possumne
712 1203 874 1262 montem
892 1191 1145 1272 Cithaeronem
1432 1203 1569 1278 Iniicite
1584 1211 1634 1281 eis
1646 1213 1805 1285 furorem

385 1290 475 1362 Cum
493 1291 577 1384 ipsis
589 1282 739 1362 Racchis
755 1294 842 1366 meis
858 1291 1017 1371 humeris
1034 1306 1196 1394 gestare?
1431 1309 1611 1384 Adversus
1626 1315 1734 1386 istum
1750 1319 1789 1388 in
1803 1324 1932 1396 vestitu
1946 1333 2112 1404 muliebri
2313 1407 2314 1424 ,

336 1389 411 1464 945
435 1397 518 1465 Boc.
546 1395 708 1479 Poteris,
735 1395 764 1466 si
781 1398 898 1479 voles;
925 1401 1025 1492 prius
1041 1431 1126 1478 vero
1140 1427 1295 1484 mentem
1432 1412 1700 1504 Speculatorem
1722 1423 1905 1495 rabiosum
1921 1430 2148 1508 Maenadum.

384 1496 468 1568 Non
503 1493 661 1568 habuisti
693 1522 840 1584 sanam,
878 1503 974 1574 nunc
1009 1532 1094 1579 vcro
1127 1507 1256 1600 habes,
1291 1533 1330 1589 ut
1354 1549 1357 1588 ;
1381 1509 1456 1584 980
1483 1517 1600 1587 Mater
1614 1521 1772 1611 primum
1787 1527 2009 1617 ipsaalaevi
2028 1553 2126 1630 petra
2313 1537 2314 1550 ¹

745 1615 900 1694 oportet.
1431 1617 1505 1688 Aut
1524 1643 1544 1688 a
1560 1623 1644 1712 palo
1665 1627 1786 1720 aliquo
1801 1629 1937 1704 videbit

385 1705 468 1770 Pen.
495 1699 620 1772 Vectes
636 1703 815 1788 ieramus,
842 1718 904 1776 aut
919 1709 1085 1784 manibus
1099 1719 1290 1806 revellam,
1381 1773 1385 1784 .
1432 1717 1683 1810 insidiantem,
1710 1729 1879 1803 clamabit
1893 1741 1939 1807 ad
1956 1740 2163 1816 Maenades:

382 1801 595 1895 Supponens
611 1799 802 1876 humerum
819 1821 881 1877 aut
895 1807 1084 1884 brachium
1102 1823 1302 1896 verticibus.
1431 1823 1520 1916 Quis
1538 1821 1596 1896 hic
1617 1829 1771 1900 filiarum
1791 1834 1919 1908 Cadmi
1943 1843 2174 1940 investigator
2193 1846 2289 1916 nonio·

384 1909 466 1976 Bac.
493 1905 547 1978 Ne
563 1919 602 1978 tu
618 1904 868 2000 Nympharum
887 1916 1015 2004 perdas
1031 1921 1151 1990 sedem
1789 1937 1906 2011 larum

334 2003 410 2080 950
435 2007 482 2078 Et
497 2004 607 2081 Panis
625 2011 765 2096 sedem,
791 2013 853 2082 ubi
870 2015 960 2084 solet
974 2019 1143 2097 fistulare.
1430 2027 1539 2099 Venit
1555 2030 1592 2098 in
1607 2038 1792 2108 montem?

381 2115 466 2181 Pea.
493 2107 602 2182 Recte
619 2113 755 2183 dixisti:
783 2139 858 2184 non
875 2119 1006 2190 robore
1021 2123 1217 2198 vincendae
1232 2147 1316 2204 sunt
1379 2127 1454 2202 985
1481 2133 1571 2226 Quis
1588 2159 1669 2206 eum
1686 2142 1832 2230 genuit?

382 2212 569 2294 Mulieres;
597 2215 772 2288 abietibus
788 2243 907 2290 meum
925 2225 1111 2298 occultabo
1127 2231 1267 2324 cor'pus.
1429 2235 1512 2304 Non
1529 2237 1623 2307 enim
1642 2264 1684 2310 ex
1697 2246 1870 2336 sanguine

381 2315 465 2388 Bac.
491 2315 736 2390 Occultaberis
751 2323 1007 2411 occultatione,
1034 2353 1103 2423 qua
1122 2346 1155 2403 te
1173 2351 1327 2427 oportet,
1430 2336 1599 2410 Muliebri
1614 2357 1720 2416 natus
1735 2359 1805 2432 est,

382 2419 589 2490 Proiectum
620 2423 888 2495 iraudulentum
918 2427 1137 2505 Maenadum
1167 2443 1326 2530 specula·
1429 2439 1497 2512 Sed
1512 2467 1553 2512 er
1568 2444 1673 2516 leone
1689 2461 1752 2517 aut
1768 2449 1937 2544 Gorgone

744 2538 873 2601 torem.
1080 2619 1082 2624 ,
1428 2541 1559 2638 Libyca
1578 2571 1687 2638 genus
1706 2548 1825 2626 habet.

329 2619 405 2694 955
432 2618 514 2696 Pen.
540 2627 652 2722 Atqui
668 2627 773 2700 video
788 2654 847 2703 eas
864 2633 901 2702 in
917 2633 1064 2709 latebris
1080 2641 1189 2710 veluti
1206 2668 1288 2716 aves
1378 2643 1453 2718 990
1479 2649 1611 2720 Veniat
1625 2653 1714 2722 ultio
1731 2657 1850 2726 divina
1873 2663 2012 2752 palam,

378 2723 571 2800 Lectorurn
586 2731 764 2802 contineri
779 2735 989 2824 gratissimis
1006 2739 1043 2808 in
1058 2745 1178 2835 septis.
1429 2749 1559 2821 Veniat
1574 2769 1709 2825 armata
1729 2783 1831 2844 ense,

380 2834 465 2902 Bac.
492 2829 622 2903 Nonne
638 2833 748 2926 igitur
765 2837 812 2904 ad
831 2861 889 2908 eas
908 2841 1011 2911 vadis
1025 2846 1166 2918 custos?
1428 2849 1644 2927 interficiens
1659 2862 1798 2947 penitus
1814 2861 1890 2931 Dea

378 2933 505 3026 Capies
538 2961 597 3007 eas
627 2936 808 3024 fortassis,
853 2940 883 3011 si
913 2955 951 3012 tu
980 2968 1054 3015 non
1084 2950 1184 3042 prius
1215 2951 1324 3024 sueris
1426 2953 1601 3050 impium,
1626 2963 1857 3049 sceleratum,
1883 2965 2058 3042 iniustum

738 3054 873 3135 captus.
1426 3057 1596 3133 Echionis
1616 3065 1818 3157 terrigenae
1835 3069 1968 3154 iilium,

374 3144 456 3214 Pen.
483 3140 608 3214 Deduc
625 3168 680 3213 me
695 3168 760 3236 per
777 3148 932 3218 mediam
943 3145 1156 3222 Thebanam
1170 3165 1322 3240 terram;
1347 3241 1350 3265 .

324 3243 400 3318 960
427 3242 530 3318 Solus
547 3245 644 3316 enim
659 3271 701 3316 ex
718 3247 804 3340 ipsis
820 3276 899 3322 sum
916 3253 972 3323 vir
987 3251 1056 3326 boc
1072 3259 1219 3330 audens.
1694 3215 1951 3316 [Anmmi’
1960 3223 2050 3324 99·]

374 3351 457 3420 Bac.
484 3347 543 3420 Tu
559 3349 656 3420 solus
669 3373 736 3441 pro
752 3347 821 3422 hac
836 3357 1019 3448 republica
1034 3359 1196 3431 laboras:
1373 3345 1449 3421 995
1475 3352 1548 3445 Qui
1559 3353 1685 3448 iniqua
1700 3367 1820 3427 mente
1837 3371 1872 3428 et
1888 3359 2018 3433 iniusta
2041 3365 2098 3436 ira

376 3446 500 3542 ltaque
517 3463 666 3520 manent
678 3465 712 3521 te
730 3455 948 3542 certamina,
974 3461 1094 3554 qualia
1114 3475 1268 3554 oportet.
1423 3455 1478 3524 Ad
1495 3453 1667 3526 Bacchica
1687 3459 1786 3550 0ΐῖῙό
1804 3473 1939 3534 818938
1957 3468 2108 3551 maltis,

377 3549 534 3646 Sequere
551 3565 713 3640 tantum,
739 3556 912 3630 deductor
931 3585 996 3654 ego
1013 3588 1092 3634 sum
1108 3567 1285 3638 salutaris.
1422 3557 1451 3626 F
1453 3559 1572 3630 1111082
1591 3575 1709 3630 menie

374 3649 460 3724 lnde
476 3679 561 3726 vero
577 3655 730 3726 abducet
744 3670 778 3727 te
794 3661 895 3734 alius.
946 3670 1031 3737 Pcn.
1055 3667 1150 3739 Num
1168 3671 1306 3741 mater?
1420 3657 1674 3732 Ellemertrio
1694 3667 2036 3755 ausuptoficiscitur

323 3751 399 3826 965
423 3762 509 3830 Bac.
537 3757 778 3850 Conspicuum
804 3767 982 3854 omnibus.
1048 3775 1130 3842 Ρρη,
1165 3775 1220 3842 Ad
1248 3769 1318 3844 hoc
1421 3762 1612 3858 Tanquam
1640 3779 1871 3857 superaturus
1894 3771 2069 3844 violentia
2106 3776 2265 3844 invictum
2283 3737 2314 4094 tq

2247 257 2293 334 lli

2013 947 2088 994 cum
2109 929 2208 1012 rabie,
2234 933 2265 1000 ite
2279 935 2314 1000 p,

732 3861 851 3935 venio.
1778 3894 1874 3943 men.

370 3969 455 4038 Bac.
480 3962 628 4036 Redibis
654 3979 821 4058 gestatus.
874 3971 959 4040 Pea.
985 3969 1105 4042 Meam
1128 3971 1315 4046 mollitiem
1370 3969 1469 4040 1000
1495 3967 1634 4038 Habete
1653 3983 1808 4040 mentem
1821 3976 2021 4044 modestam
2041 3979 2303 4070 (morssineeu

732 4069 830 4141 dicis.
1301 4147 1302 4150 ,
1776 4077 1914 4146 satione
1926 4091 1982 4148 est

369 4175 452 4244 Bac.
478 4168 520 4241 ln
542 4172 708 4244 manibus
732 4174 870 4245 matris.
929 4183 1012 4249 Pen.
1041 4179 1152 4272 Coget
1176 4203 1233 4248 me
1255 4181 1314 4250 de-
1419 4172 1552 4242 Contra
1569 4173 1692 4243 divin'a
1709 4181 1834 4274 ruere)

728 4277 856 4348 liciari.
1414 4273 1479 4346 Est
1494 4277 1565 4346 vita
1581 4289 1657 4349 tuta
1674 4273 1831 4360 homini;

369 4381 451 4449 Bac.
470 4377 620 4450 Talibus
637 4377 783 4474 quidem
800 4379 853 4450 uti
872 4381 1018 4456 deliciis.
1063 4387 1146 4456 Pen.
1162 4383 1311 4478 Magnas
1414 4377 1498 4451 Non
1519 4383 1658 4471 gaudeo
1686 4383 1769 4451 odio
1795 4385 1915 4480 aliquo
1935 4387 2042 4458 illurn
2073 4388 2264 4479 sapientem
2289 4395 2314 4438 cs

723 4507 780 4554 res
796 4483 939 4555 molior.
1768 4510 1872 4560 nans.
1979 4522 1983 4535 =

367 4581 506 4676 Bac.⁶³)
531 4582 623 4654 Acer
640 4584 696 4654 vir
716 4609 770 4671 es,
795 4599 831 4655 et
847 4586 967 4658 venies
989 4589 1033 4656 ad
1060 4589 1193 4658 atrocia
1217 4593 1311 4683 peri·
1415 4584 1563 4656 Caetera
1581 4599 1665 4656 sunl
1682 4609 1812 4679 magna
1828 4605 1864 4662 ⁰²
1876 4617 2018 4685 semper
2034 4593 2210 4676 0111800,

735 4689 833 4772 cula,
1364 4683 1463 4762 1005
1489 4689 1591 4782 Quae
1606 4692 1652 4758 ad
1669 4713 1724 4760 res
1737 4695 1941 4784 praeclaras
1958 4697 2073 4766 vitam

316 4783 390 4856 970
417 4783 541 4882 ltaque
558 4789 718 4864 invenies
732 4793 908 4884 gloriam,
938 4817 1028 4886 quae
1052 4793 1190 4864 attollet
1214 4809 1246 4866 te
1271 4798 1309 4866 in
1412 4791 1466 4860 De
1483 4793 1540 4862 die
1556 4794 1601 4862 ad
1619 4805 1760 4864 noctem
1774 4795 1864 4867 bene

727 4894 880 4966 coelum.
1410 4891 1622 4978 Deducunt,
1648 4897 1705 4988 pie
1719 4897 1895 4972 iaciendo.

364 4988 545 5076 Extende,
575 4991 718 5085 Agave,
756 5020 904 5079 manus,
944 5008 979 5064 et
1012 4997 1171 5094 reliquae
1201 5002 1308 5074 simul
1410 4997 1508 5068 Haec
1522 5011 1640 5070 autem
1656 4997 1788 5070 iniusta
1802 5015 1903 5087 sunt,
1929 5005 2058 5073 eiicere

724 5097 863 5189 genitae
1408 5099 1604 5193 Legitimos
1623 5099 1736 5174 cultus
1749 5101 1923 5178 Deorum.

366 5195 494 5266 Cadmi
508 5196 619 5280 liliae;
649 5200 741 5271 duco
757 5199 923 5272 iuvenem
1354 5206 1458 5276 1010
1484 5203 1614 5275 Veniat
1628 5203 1715 5275 Dice
1736 5207 1875 5297 palam,

314 5351 517 5371 ...-...,
1406 5307 1537 5378 Veniat
1553 5319 1687 5378 armata
1706 5333 1808 5391 ense,

345 5426 395 5494 et)
413 5429 501 5501 aas]
519 5434 547 5488 n
564 5437 614 5492 aa,
630 5437 705 5490 mss.
722 5437 809 5490 deest.
1322 5429 1326 5486 t
1405 5409 1596 5482 interliciat
1612 5409 1752 5504 penitus
1764 5409 1841 5480 Dea
