4844 6122
52 255 122 342 sur
229 251 377 334 xuvu
413 231 1015 336 murmurosorum
1037 246 1425 352 qulnntrltt'rl'rt
1448 247 1736 334 crunnum
1759 253 1850 335 nn.
1865 255 1927 335 tv.
2031 250 2108 337 sss

55 430 283 527 occuparint,
309 427 506 504 incendent
520 431 560 504 in
581 431 676 506 natis
697 431 956 504 mudantur
979 440 1056 502 tur·
1105 429 1146 500 in
1170 427 1350 502 Venerem
1382 442 1418 502 et
1444 429 1594 524 cupidas
1614 431 1844 517 concubitus,
1884 435 2106 508 verecundas

56 537 284 634 pissimarnrn
300 533 494 608 libidinum
515 536 701 621 flammas,
734 547 770 606 et
790 533 1056 628 pronus‘para·
1106 545 1229 604 tamen
1251 546 1288 606 et
1309 533 1467 606 maxima
1488 557 1532 604 ex
1550 545 1653 630 parte
1673 533 1911 622 difficiliores,
1943 561 1994 608 ac
2013 537 2108 630 fugi-

57 655 173 738 rosque
194 641 243 709 ad
264 638 436 734 quemvis
459 639 709 724 concubitum,
740 637 817 712 sine
836 635 1069 720 discrimine,
1106 648 1223 708 tantes
1237 636 1489 730 turpitudiniss
1523 635 1635 707 Marti
1654 637 1725 710 suli
1746 638 1914 710 assistens
1937 653 2001 711 aut
2020 663 2107 712 con·

61 743 126 818 sive
138 754 246 835 agant
260 740 359 834 ipsi,
384 741 460 812 sive
473 739 678 838 patiantur,
703 741 868 814 efficient.
919 737 962 810 ln
981 761 1057 809 cer·
1106 740 1280 832 figurata,
1316 739 1449 812 salaces
1472 738 1618 836 quidem
1640 753 1677 811 ct
1696 741 1736 812 in
1758 740 1937 812 Venerem
1959 767 2107 835 pronas,

62 843 357 936 nsvesoeguris,
384 844 492 916 etiam
507 843 682 936 flagitiose
700 845 898 918 obscoenos
920 862 961 912 ac
980 842 1056 912 foe·
1107 844 1171 914 sed
1192 865 1336 937 segnes,
1375 843 1483 914 etiam
1506 841 1536 914 si
1558 855 1645 914 tune
1662 841 1800 937 Iupiter
1821 857 1965 938 praesto
1986 847 2109 933 fuerit,

72 951 151 1032 dos,
181 960 218 1018 ut
240 947 285 1016 in
313 946 557 1022 anterioribus
576 960 612 1017 et
633 946 892 1042 posterioribus
909 943 1056 1029 Arietis,
1107 945 1226 1019 efficit.
1252 943 1377 1036 ‚Marte
1392 945 1502 1018 radiis
1517 945 1611 1020 Sulis
1627 947 1819 1034 occultato,
1844 972 1981 1033 servos,
2006 951 2108 1036 viles,

77 1073 175 1144 prope
191 1049 362 1132 Suculas;
395 1047 435 1119 in
456 1050 715 1142 posterioribus
729 1047 882 1134 Leonis,
906 1046 947 1120 in
965 1045 1056 1118 facie
1108 1061 1172 1120 aut
1185 1048 1395 1142 peregrinos
1411 1049 1618 1132 admittent;
1652 1043 1793 1121 Venere
1815 1049 1856 1122 in
1876 1051 2000 1124 radios
2014 1052 2107 1125 Sulis

83 1151 278 1246 Capricorni.
313 1151 437 1224 Porro
454 1153 485 1224 si
500 1149 569 1224 huc
582 1153 706 1247 positu
720 1163 783 1224 aut
798 1152 837 1222 in
849 1147 1055 1244 horoscopo
1108 1175 1248 1237 mersa,
1270 1176 1351 1224 cum
1367 1152 1631 1246 superioribus,
1657 1165 1721 1226 aut
1736 1155 1913 1240 dominis,
1937 1156 2108 1250 pellicum

75 1255 229 1342 luherint,
266 1265 337 1326 aut
358 1255 399 1325 in
422 1257 513 1327 coeli
536 1255 680 1348 fastigio
704 1253 941 1339 eminueriut,
980 1255 1057 1338 het,
1109 1267 1172 1327 aut
1198 1255 1480 1326 concubinarum
1507 1281 1610 1326 mure
1639 1259 1890 1329 concumbent.
1948 1257 2110 1352 Quodsi

71 1371 249 1434 utantures
266 1355 343 1451 ipsi
359 1381 443 1444 sua,
468 1381 560 1456 quae
574 1371 797 1453 perpetrant,
821 1356 956 1451 flagitia
972 1379 1057 1449 pro-
1109 1355 1211 1450 signa
1238 1360 1470 1450 adspectusve
1491 1359 1654 1452 planetas
1676 1359 1939 1446 effeminatior,
1974 1363 2020 1431 ad
2045 1385 2109 1455 pa·

71 1462 181 1548 ferant,
195 1475 231 1535 et
245 1459 327 1535 suis
344 1461 524 1534 celebrent
538 1462 776 1534 sermonibus.
826 1457 869 1530 ln
888 1457 1057 1531 extremis
1109 1459 1272 1531 tiendum
1293 1461 1411 1532 sulum
1435 1455 1573 1534 habiles
1598 1475 1633 1534 et
1652 1487 1807 1556 pronas;
1845 1463 1878 1535 si
1909 1463 2108 1536 masculina

77 1565 193 1637 duuhns
211 1562 290 1638 huc
312 1565 426 1636 modo
450 1563 616 1636 collocati
641 1563 867 1647 cardinibus,
906 1561 1056 1632 occiduo
1108 1563 1245 1634 fuerint
1260 1564 1339 1634 loca
1356 1563 1605 1658 planetarum,
1629 1567 1676 1636 ad
1699 1566 1788 1639 alias
1807 1565 2002 1639 irritandas
2023 1591 2109 1661 pro·

78 1665 224 1741 rurum
254 1679 296 1740 ct
322 1667 470 1754 infimo,
511 1669 714 1761 spadonum
745 1679 780 1738 et
808 1659 1056 1737 cunuchorum
1110 1665 1216 1737 clives
1231 1667 1310 1737 fore
1326 1668 1587 1740 demonstrant.
1629 1668 1825 1755 Saturnus,
1849 1665 1906 1742 his
1922 1670 1972 1740 ita
1987 1669 2109 1764 dispu-

77 1785 306 1854 censuerunt,
341 1771 401 1842 vel
422 1769 644 1843 sterilitatem
669 1771 861 1854 inducent,
890 1767 1057 1860 virgaeve
1110 1769 1186 1842 sitis
1216 1769 1371 1863 planetis
1398 1795 1600 1855 connexus,
1633 1771 1664 1843 si
1687 1771 1797 1844 fuerit
1820 1773 1952 1865 etipse
1974 1772 2110 1844 effemi-

77 1887 194 1948 neatus
210 1875 449 1948 obturabunt.
499 1873 600 1945 Mars
613 1873 676 1946 uhi
691 1871 896 1956 accesserit,
921 1869 1058 1964 genita·
1108 1885 1238 1957 natus,
1269 1873 1397 1943 foedae
1420 1871 1581 1946 libidinis
1604 1887 1710 1946 autur
1734 1887 1798 1948 est.
1863 1875 1903 1947 Si
1925 1873 2111 1948 orientalis

79 1975 119 2047 lia
136 1979 214 2051 viris
233 1977 455 2072 amputabit;
496 2001 539 2048 ex
559 1977 731 2063 femellis,
764 1999 854 2072 quas
873 1967 1060 2074 rpsflciduc
1111 1974 1287 2060 extiterit,
1328 1988 1364 2046 et
1392 1977 1631 2064 masculinus,
1669 1977 1848 2072 vituperia
1873 1981 2042 2050 conciliat
2061 1977 2110 2050 uh

81 2093 215 2164 ruunt,
238 2082 374 2153 efficiet.
1111 2103 1189 2150 rem
1205 2098 1410 2166 veneream,
1426 2092 1462 2150 et
1476 2079 1631 2152 infamat
1645 2081 1847 2174 insigniter.
1872 2079 2010 2177 Iupiter
2025 2105 2112 2154 cun·

180 2181 333 2254 Omnino
347 2207 453 2280 quam
470 2181 516 2252 ad
531 2205 682 2252 venerea
706 2175 933 2252 affectionem
956 2172 1059 2248 hahi—
1111 2195 1166 2252 tra
1184 2181 1395 2252 moderatur
1410 2182 1495 2252 talia
1511 2195 1546 2252 et
1562 2186 1761 2278 componit.
1818 2185 2022 2260 Mercurius
2044 2209 2112 2280 pu·

95 2283 159 2354 turi
173 2285 240 2356 sint
259 2285 337 2372 viri,
368 2285 471 2358 Mars
493 2287 669 2358 ostendet.
716 2281 862 2354 Etenim
884 2277 1059 2352 aVenere
1110 2285 1238 2370 blicat‚
1264 2308 1305 2354 ac
1318 2285 1525 2379 pervulgat,
1550 2299 1659 2386 atque
1669 2287 1785 2361 invisa
1801 2289 1932 2364 reddit.

83 2383 291 2486 Saturnoque
310 2401 517 2485 separatus,
540 2401 577 2460 et
589 2386 686 2460 lovis
708 2386 851 2458 adiutus
875 2383 1060 2476 suffragio,

83 2489 525 2584 elegantesetverecundos
539 2493 578 2562 iu
594 2489 807 2576 cuncubitu,
842 2501 878 2560 et
900 2485 1060 2560 naturali
1173 2508 1179 2518 ¹
1508 2511 1565 2581 D,
1589 2507 1719 2584 mm

85 2617 140 2666 usu
161 2621 395 2670 reuersurum
424 2607 629 2678 contentos;
667 2593 736 2668 suli
753 2592 911 2666 Saturno
933 2591 1061 2664 adiun-

84 2709 163 2784 ctru,
196 2725 325 2794 segnes
352 2711 389 2771 et
411 2699 563 2794 frigidus
596 2699 643 2770 ad
677 2695 907 2769 concubitum
942 2693 1061 2766 efficit.

79 2797 195 2874 Venere
211 2827 303 2876 vero
320 2799 468 2888 salove,
494 2802 618 2898 aliquo
634 2800 781 2874 annexis
793 2799 863 2873 sibi
879 2800 1062 2893 adspectu,

76 2919 247 3002 promptus
261 2907 412 3003 quidem
436 2918 472 2978 et
491 2917 699 3000 appetentes
720 2925 957 2975 venereorum
980 2901 1063 2972 red·
1113 2893 1206 2941 '⁰¹¹⁸'

1214 2661 1414 2757 Postquam
1446 2686 1539 2760 quae
1569 2665 1613 2736 de
1644 2663 1812 2758 coniugio
1850 2664 2113 2737 consideranda

1112 2776 1218 2850 sunt,
1252 2764 1481 2852 edocuimus,
1509 2778 1640 2854 restat,
1670 2783 1713 2840 ut
1743 2771 1787 2840 de
1816 2768 1938 2840 liberis
1963 2767 2114 2842 dissera-

1264 2867 1321 2940 De
1335 2863 1392 2942 his
1410 2869 1621 2944 consulendi
1644 2883 1729 2945 sunt
1751 2885 1788 2944 et
1808 2872 2014 2966 pensitandi
2037 2871 2115 2964 pla·

76 3009 132 3094 dit;
159 3013 224 3086 “d
239 3011 294 3081 ἢῆ
309 3021 455 3096 umen,
486 3021 530 3080 u,
544 3007 754 3080 confinem
774 3019 810 3078 e,
827 3007 1063 3078 moderentur
1114 2985 1238 3060 netae,
1262 2971 1303 3044 in
1318 2971 1408 3044 coeli
1432 2973 1588 3046 culmine
1611 2976 1668 3046 vel
1693 2977 1901 3049 succedente
1924 2974 2001 3073 (cui
2026 2973 2117 3046 huni

76 3137 155 3200 m,
185 3125 434 3210 meamque,
469 3135 517 3183 ne
539 3113 729 3184 ineman,
750 3111 789 3180 in
812 3108 1001 3182 gnsamgam
1027 3119 1065 3178 e,
1115 3075 1303 3148 daemonis
1312 3075 1507 3170 appellatio
1521 3078 1656 3150 tributa
1672 3079 1742 3174 est)
1757 3079 2002 3164 consistentes,
2015 3073 2116 3150 bisve

76 3215 376 3310 reprehensiones.
427 3215 519 3287 Cum
534 3215 612 3288 sola
624 3213 786 3299 Venere,
815 3224 879 3284 aut
898 3212 930 3285 si
953 3213 1063 3283 etiam
1117 3177 1342 3300 ⁰⁰⁰5&st
1393 3176 1433 3249 sl
1450 3179 1539 3300 &¹5³
1554 3179 1647 3250 nulli
1669 3181 1917 3302 reperientur,
1949 3182 2022 3268 illi,
2053 3179 2117 3277 qui

74 3315 193 3414 lupiter
218 3319 338 3406 adsit,
369 3317 529 3391 Saturno
551 3331 676 3390 tamen
698 3327 861 3402 remoto,
898 3315 1065 3400 lascivos,
1117 3295 1285 3403 ⁰1³P⁰3112
1315 3280 1396 3352 ¹⁰⁶³
1430 3281 1598 3356 ⁰l²⁸¹d⁰¹¹l
1637 3283 1696 3357 Vel
1731 3295 1939 3371 mtnentur,
1984 3307 2116 3378 expen-

73 3425 211 3520 tnpidus
224 3422 284 3494 rei
297 3445 494 3509 venereae,
517 3421 677 3496 intentos
697 3419 738 3490 in
760 3443 886 3492 omnes
908 3417 1065 3491 orario·
1117 3387 1227 3458 ‘lenm
1250 3397 1368 3460 πω·

1221 3522 1422 3596 Censentur
1441 3537 1562 3598 autem
1585 3524 1714 3622 largiri
1733 3525 1875 3624 prolem
1900 3523 2028 3613 Luna,
2059 3522 2117 3600 ln-

71 3655 143 3703 rum
158 3632 389 3726 vespertinus
402 3629 602 3702 matutinus
618 3629 708 3704 alter
721 3627 842 3715 bresit,
867 3629 913 3698 ad
927 3649 1067 3700 mascu·
1117 3626 1213 3722 piter
1232 3639 1268 3698 et
1280 3625 1422 3712 Venns;
1455 3641 1581 3702 contra
1602 3655 1755 3724 negare,
1781 3633 1943 3716 auferre,
1967 3629 2027 3701 vel
2050 3628 2119 3699 mi·
2195 3619 2221 3708 ’,

71 3733 136 3806 lem
159 3735 366 3830 prorniscue
386 3747 423 3806 et
442 3733 635 3805 femineam
653 3729 832 3804 Venerem
855 3755 1067 3826 propensos,
1117 3754 1230 3803 nuere
1256 3728 1340 3819 sot,
1372 3729 1473 3806 Mars
1497 3746 1532 3805 et
1546 3733 1735 3809 Saturnus.
1785 3735 1989 3808 Mercurius
2008 3743 2120 3830 prout

71 3839 228 3910 neutrius
242 3853 367 3910 tamen
382 3836 497 3908 nimio
513 3835 691 3910 desiderio
708 3835 895 3908 obnoxios.
927 3835 1067 3906 sivero
1118 3831 1176 3908 his
1198 3833 1314 3907 illisve
1338 3859 1376 3906 se
1401 3859 1553 3930 corpore
1571 3837 1630 3908 vel
1655 3842 1827 3933 adspectu
1849 3839 2029 3922 insinuat,
2068 3835 2120 3910 sic

72 3955 219 4038 uterque
242 3942 468 4038 vespertinus
488 3940 618 4027 fuerit,
653 3941 701 4011 ad
731 3939 828 4012 solos
857 3939 1068 4012 concubitus
1120 3939 1248 4012 effectu
1277 3961 1316 4010 se
1349 3963 1495 4045 quoque
1534 3951 1571 4010 et
1608 3939 1869 4032 significatione
1903 3941 2120 4012 conformat.

73 4069 157 4116 curn
181 4045 390 4120 mulieribus
414 4043 684 4118 ardentissimos
707 4043 916 4137 praestabit.
967 4041 1068 4137 Quin
1119 4041 1316 4116 Orientalis
1337 4043 1400 4114 dat
1422 4041 1586 4138 prolem,
1626 4044 1857 4116 occidentalis
1879 4045 2006 4114 aufert.
2070 4040 2120 4110 lli

72 4147 184 4220 etiam
206 4146 338 4224 ritune
360 4149 469 4222 shnul
488 4149 529 4220 in
551 4148 662 4242 signis
684 4147 851 4242 planetae
884 4145 1069 4220 femininis
1120 4146 1230 4240 igitur
1244 4147 1431 4242 planetae,
1462 4144 1526 4244 qni
1546 4145 1687 4240 prolem
1709 4147 1946 4241 pollicentur,
1975 4143 2046 4216 soli
2068 4143 2120 4216 sic

73 4247 272 4342 haeserint,
307 4254 388 4328 nati
408 4277 447 4327 se
467 4253 573 4326 foede
595 4250 894 4324 contaminandus
918 4251 1068 4345 praebe·
1119 4251 1229 4346 positi
1244 4251 1390 4322 unicam
1404 4249 1567 4344 prulem;
1600 4249 1640 4320 in
1661 4249 1885 4344 bicorporeis
1899 4247 2031 4342 signis,
2056 4261 2121 4319 ant

73 4355 161 4430 hunt
181 4357 275 4434 aliis.
335 4359 377 4432 si
397 4369 522 4430 contra
547 4367 699 4452 uterque
723 4356 923 4428 matutinus
949 4354 1069 4440 fucrit,
1119 4354 1322 4440 femininis,
1362 4365 1426 4427 aut
1451 4353 1656 4441 foecundis,
1703 4353 1824 4452 qualia
1856 4363 1941 4427 sunt
1969 4351 2120 4437 Cancer,

75 4463 238 4536 masculis
264 4461 451 4536 amoribus
486 4461 690 4556 sapientum
728 4459 825 4532 etsi
854 4471 940 4532 tuuc
966 4459 1067 4552 sigua
1120 4458 1290 4553 Scorpius
1312 4471 1349 4529 et
1363 4457 1502 4544 Pisces,
1529 4457 1710 4551 geminam
1733 4467 1796 4530 aut
1818 4455 2120 4529 numerosiorem.

74 4565 176 4638 simul
196 4567 397 4640 masculina
421 4565 622 4652 tenuerint,
660 4587 744 4656 erga
767 4562 922 4638 cuiusvis
943 4561 1069 4635 aetatis
1120 4561 1317 4636 Masculam
1342 4561 1586 4636 conditionem
1609 4561 1729 4634 sortiti
1761 4585 1782 4631 a
1811 4561 1935 4655 signu,
1975 4559 2016 4629 in
2045 4579 2119 4654 quo

75 4695 186 4745 mares
202 4671 406 4744 afficientur
421 4671 555 4770 absque
572 4667 790 4742 discrimine.
848 4667 1015 4766 Denique
1039 4665 1069 4738 si
1120 4679 1330 4751 versantur,
1355 4678 1463 4762 atque
1478 4665 1648 4760 adspectu
1664 4667 1710 4736 ad
1726 4663 1866 4750 Solem,
1898 4685 2034 4744 mareu
2069 4661 2120 4731 ef·

75 4773 189 4852 Venus
208 4775 441 4850 occidentalis
456 4775 578 4862 fuerit,
598 4799 678 4846 cum
693 4771 836 4856 vilibus,
854 4771 1069 4855 famulabus,
1119 4769 1303 4856 seminati,
1328 4769 1489 4840 femellas
1505 4769 1716 4842 decernunt.
1775 4766 1942 4862 Superati
1964 4791 1983 4835 a
2007 4764 2118 4834 male·

76 4895 135 4954 aut
147 4881 367 4978 peregrinus
393 4879 422 4952 si
439 4904 481 4951 ea
495 4878 626 4950 Martis
641 4874 801 4954 conditio
823 4874 950 4960 fueri-t,
986 4899 1068 4946 cum
1120 4873 1208 4960 ficis,
1234 4885 1296 4944 aut
1314 4871 1353 4942 in
1369 4872 1549 4944 sterilibus
1564 4871 1675 4966 signis
1691 4870 1870 4956 collocati,
1897 4869 2017 4966 qualia
2035 4879 2120 4939 sunt

75 4986 317 5078 superioribus
349 4995 413 5056 aut
438 4983 654 5056 dominabus
684 5005 762 5052 rem
794 4973 983 5050 habituros
1008 4978 1070 5048 de-
1119 4975 1196 5048 Lcu
1213 4991 1248 5049 et
1264 4975 1398 5070 Virgo,
1423 4975 1599 5071 praebent
1613 4975 1758 5072 quidem
1774 4973 1934 5069 prolem,
1967 4971 2029 5041 sed
2050 4991 2117 5038 nec

75 5101 182 5166 notat.
1120 5077 1329 5176 pulchram,
1355 5103 1422 5150 nec
1445 5077 1657 5152 durabilem.
1715 5079 1779 5150 Sol
1799 5099 1886 5147 vero
1909 5085 1946 5146 et
1965 5071 2119 5143 malefici

170 5193 226 5268 De
241 5192 474 5277 mulieribus,
498 5189 650 5264 Veneris
664 5189 886 5262 observanda
909 5183 1069 5260 conditio
1120 5185 1303 5280 praedicta
1320 5185 1398 5254 luca
1415 5183 1656 5276 possidentes,
1681 5182 1712 5253 si
1726 5181 1835 5254 simul
1848 5177 1906 5250 vel
1919 5175 2117 5248 masculina

77 5309 136 5369 est.
181 5297 328 5372 Etenim
343 5293 421 5366 lovi
435 5296 654 5388 configurata
669 5307 705 5366 et
718 5291 920 5378 Mercurio,
946 5289 1070 5362 mode·
1121 5301 1227 5374 tuuc,
1260 5289 1319 5360 vel
1340 5288 1473 5368 sterilia
1496 5287 1596 5379 signa
1618 5297 1783 5370 teneant,
1817 5295 1853 5354 et
1873 5281 2117 5353 beneficorum
2226 5363 2233 5374 ⁶

76 5413 152 5472 ratu
174 5405 389 5498 mundoque
410 5423 647 5470 reuersurum
669 5423 736 5470 usu
757 5409 961 5478 contentas;
1001 5391 1070 5465 suli
1120 5391 1247 5464 faustis
1261 5415 1303 5464 ac
1316 5391 1477 5464 felicibus
1501 5389 1612 5461 radiis
1633 5389 1844 5472 foveantur,
1876 5385 2016 5479 prolem
2038 5381 2117 5476 qui-

78 5501 190 5580 iuncta
205 5503 414 5588 Mercurio,
438 5499 522 5573 love
540 5503 705 5588 absente,
731 5501 908 5594 proclives
923 5497 1068 5596 quidem
1121 5497 1203 5567 dem
1235 5497 1474 5594 promittunt,
1514 5494 1576 5566 sed
1599 5491 1836 5576 imbecillam,
1873 5485 2117 5560 invaletudine
