4768 6100
78 215 138 286 999

557 145 679 280 nun
730 195 1139 281 numerarium:
1155 195 1290 279 lorus
1305 197 1557 276 murinas.
1604 183 1609 204 '

2007 217 2081 292 994

76 384 117 458 60
131 381 304 456 Phoebum
320 404 393 454 esse
409 379 572 472 ignorat,
585 404 723 478 neque,
738 405 830 478 quae
846 371 892 454 sit
905 371 1035 464 maiori
1140 378 1214 446 lon.
1244 374 1381 446 Currus
1394 373 1601 468 splendidos
1615 382 1872 479 quadrigarum

19 573 20 584 ἵ
165 589 174 606 ο
455 482 570 568 novit,
621 527 650 604 ⁸·

19 619 21 700 i
108 589 235 764 hiliriirii
250 598 660 784 higlithiaerriiiliiriliiihh
684 645 812 782 stipem
836 691 874 760 in
898 689 1031 787 templo

106 894 300 987 Vagabatur
315 795 652 974 iudens3dhliinirero
668 895 781 969 evasit
794 898 833 966 in
849 895 980 980 virum,

106 995 225 1091 Delphi
255 998 373 1092 ipsum
404 999 566 1118 iecerunt
597 1002 779 1072 custodem
812 1001 893 1070 auri
920 991 1031 1094 ipsius

65 1199 102 1274 55
133 1201 176 1274 El
197 1205 337 1276 fidelem
359 1099 585 1299 quaeilhiem
609 1208 790 1288 omnium;
831 1206 869 1274 in
894 1205 1028 1300 templo

100 1407 161 1480 Ilei
174 1409 262 1481 vivit
274 1331 666 1504 hucusquevhhirestarn
680 1413 803 1483 vitam.

98 1511 220 1584 Creusa
238 1507 359 1598 vero,
382 1536 473 1608 quae
497 1527 688 1606 pepererat
709 1511 804 1586 hunc
825 1505 1028 1583 auolaseall

97 1713 208 1788 Xutho
223 1717 348 1802 nubit,
373 1627 549 1808 talitceaiiai.
668 1758 672 1767 ·
756 1775 759 1784 ,

95 1818 176 1892 Erat
187 1817 468 1892 Atheniensibus
484 1833 518 1890 et
535 1815 841 1904 Chalcodontidis,
905 1867 910 1877 ‚
957 1911 969 1921 .

59 1921 93 1994 tl
112 1923 181 2018 Qui
197 1925 385 1996 Euboeam
404 1936 536 1994 terram
555 1919 780 2008 inhabitant,
802 1924 951 2005 ballare,

92 2024 126 2096 ln
140 2053 211 2122 quo
219 2023 458 2100 Athenienses
468 2027 643 2098 adiuvans
651 2041 686 2096 et
695 2024 884 2096 conficiens
894 2023 1025 2096 belluni

89 2231 303 2327 Nuptiarum
322 2125 703 2326 cranahailihiaatem
720 2233 869 2326 accepit,
916 2277 920 2284 -

89 2335 173 2408 Cum
205 2349 300 2412 esset
331 2336 550 2428 alienigena,
590 2361 632 2406 er
657 2335 791 2420 Aeolo,
822 2331 916 2406 lovis
937 2330 1025 2453 iiiio,

9 2603 10 2628 ,
86 2541 220 2616 Genere
243 2537 423 2614 Achaeus.
450 2453 569 2613 nalliii
592 2543 892 2642 vero-seminans
918 2557 1023 2612 suurn

8 2763 10 2828 fi
45 2741 85 2816 ll
107 2745 260 2822 Estsine
278 2747 420 2831 liberis,
445 2645 577 2844 irleipiliia¹
590 2747 743 2820 Creusa:
767 2758 916 2840 propior
930 2767 1022 2840 qliae

84 2847 241 2924 Veniunt
257 2851 306 2922 ad
321 2847 391 2922 hoc
405 2853 579 2944 tempium
594 2850 773 2946 Apollinis

7 3037 8 3068 1
82 2952 288 3049 Cupiditatc
304 2951 456 3033 sobolis;
481 2955 613 3048 Apollo
628 2979 715 3026 vero
735 2955 919 3028 fortunam
985 3023 991 3030 .

79 3056 155 3131 lluc
180 3056 350 3152 impulit,
372 3069 496 3126 elnon
512 3071 565 3130 est
588 3060 719 3132 obiitus
740 3057 824 3146 iiiii,
844 3070 886 3128 ut
902 3055 1023 3128 existi-

79 3261 188 3336 Dahit
203 3265 306 3336 enirn
324 3173 729 3356 ngredhiiiiemplum
744 3257 814 3332 hoe

38 3361 77 3434 70
100 3364 223 3441 Xutho
238 3389 347 3440 suum
362 3365 473 3457 ipsius
488 3367 620 3451 hlium,
642 3380 677 3436 et
691 3379 827 3436 natum·

76 3466 196 3564 ipsum
212 3497 260 3544 ex
283 3469 346 3540 iilo
362 3493 437 3540 esse
459 3470 571 3554 dicet,
593 3483 634 3541 ut
658 3469 805 3567 veniens
827 3469 873 3538 ad
887 3478 1020 3536 mater-

446 3596 532 3642 nam
549 3573 702 3644 domum

73 3677 347 3773 Agnoscatura
374 3675 527 3796 Creusa,
556 3689 591 3745 et
615 3689 656 3748 ut
677 3675 825 3770 nuptiae
851 3671 889 3743 in
908 3671 1020 3766 Apoi-

73 3883 251 3958 Occultae
266 3881 356 3967 sint,
379 3895 415 3951 et
427 3779 669 3953 iihhinlraileat
685 3876 966 3958 haeredilatem

71 3983 159 4062 lona
175 4011 268 4060 vero
284 3985 423 4078 ipsum,
447 3985 673 4056 conditorem
689 3983 867 4056 Asiaticae
889 3993 1018 4066 terrae,

29 4087 72 4160 75
94 4091 236 4164 Vocari
251 4089 358 4160 iaciet
371 4111 437 4180 per
452 4087 655 4160 Graeciam.
698 4117 703 4124 ·

69 4193 138 4266 Sed
158 4197 225 4266 ibo
243 4193 281 4262 in
298 4192 459 4264 laureum
477 4215 664 4274 secessum,

68 4299 117 4370 Ut
132 4301 180 4371 de
196 4319 314 4394 puero
330 4307 497 4366 eventurn
513 4295 660 4365 discam.¹

68 4403 189 4474 Video
209 4400 307 4474 enim
324 4399 563 4494 egredientem
582 4392 761 4488 Apollinis
774 4391 887 4462 lilium

66 4505 196 4592 Hunc,
219 4515 263 4576 nt
278 4515 383 4574 ornet
399 4515 526 4594 portas
538 4511 620 4570 ante
637 4495 810 4588 tempium

21 4605 66 4680 80
106 4607 231 4684 Lauri
252 4607 380 4688 ramis;
406 4629 540 4676 nomen
566 4624 673 4684 vero,
699 4597 799 4692 quod
822 4593 1016 4685 adepturus

65 4814 223 4900 ionem,
246 4837 312 4904 ego
328 4719 631 4906 primuessir’omino
647 4801 808 4877 Deorum
817 4797 879 4894 ¹¹).

47 5121 100 5184 η)
119 5118 259 5176 oecsmt
273 5141 308 5158 -·
326 5116 455 5168 neom.
472 5117 531 5176 (vs.
549 5113 580 5162 tl
592 5106 708 5164 -8l.)]
726 5102 769 5154 stc
785 5101 835 5158 td.
856 5099 947 5162 totta
964 5099 1014 5150 lte.

83 5195 217 5312 “Phile
234 5255 377 5308 uorlerts
394 5253 455 5304 sole
473 5251 542 5302 orte
557 5256 620 5306 sco,

120 5331 222 5380 vetas
238 5323 443 5390 inveniebatur
465 5318 594 5381 tenplum
610 5313 672 5366 llsl.

119 5399 232 5446 visura
246 5403 315 5443 sero
331 5391 482 5441 movens
499 5395 586 5450 puero
602 5379 713 5440 intenti,
828 5423 831 5432 ,

120 5464 308 5527 Admiratus,
322 5459 347 5510 sl
367 5467 437 5523 quse
455 5453 588 5518 usipetes
605 5459 676 5506 sm
692 5447 791 5502 nuiier

13 5553 212 5618 limm-
233 5545 340 5612 om.
363 5541 450 5604 Vos.
471 5537 598 5602 livill.

1140 477 1202 546 Sol
1219 475 1489 550 iamiillumlnaa
1504 501 1569 572 per
1590 495 1742 569 terram;
1760 485 1776 527 ³¹

1114 612 1118 631 ·
1136 575 1348 668 Astravero
1363 577 1519 656 aetheris
1531 585 1876 685 ineendtmtuiipue
1886 590 1956 664 hoe

1088 677 1137 752 85
1159 681 1217 752 Ad
1231 700 1373 758 noctem
1389 710 1539 760 sacram.
1579 739 1585 750 .

1135 785 1306 862 Parnassi
1323 813 1410 860 vero
1427 789 1598 864 inaccessi
1617 796 1767 870 vertices

1136 885 1306 962 illustrati
1323 893 1417 962 diem

1136 992 1347 1087 Accipiunt,
1367 991 1576 1070 hominihus
1592 1000 1723 1071 iurota
1740 1013 1892 1075 vectum.

1134 1095 1327 1193 Fumus”)
1349 1098 1471 1170 aridae
1487 1098 1657 1195 myrrhae
1784 1131 1789 1147 ·
1846 1121 1864 1151 ··

1084 1197 1134 1268 90
1158 1197 1200 1270 In
1215 1200 1354 1295 fastigia
1371 1195 1392 1236 *
1406 1197 1547 1276 Phoebi
1563 1207 1672 1278 voiat.

1134 1301 1266 1374 Mulier
1281 1329 1367 1378 vero
1383 1309 1482 1388 sedet
1492 1311 1542 1379 ad
1558 1331 1698 1383 monuo
1716 1311 1908 1404 tripodem,

1133 1403 1307 1498 Delphica
1324 1431 1454 1481 canens
1470 1409 1616 1484 Graecis
1633 1417 1792 1500 oracula,

1133 1507 1236 1600 Quae
1249 1507 1382 1603 Apollo
1399 1513 1452 1582 ilii
1471 1513 1593 1586 dictat.

1132 1611 1220 1698 Sed,
1246 1639 1267 1684 o
1284 1609 1449 1706 Delphici
1465 1613 1605 1690 Phoebi
1621 1619 1791 1705 ministri,

1069 1709 1131 1784 ’95
1156 1715 1332 1788 Castaliae
1346 1717 1516 1812 limpidus
1783 1799 1787 1813 ,

1131 1814 1183 1888 Ile
1200 1821 1246 1888 ad
1266 1821 1434 1908 vertices,
1459 1846 1549 1914 pura
1567 1847 1653 1894 vero
1671 1818 1764 1922 aqua

1128 1918 1253 2024 Ahlpti
1269 1923 1318 1994 ite
1333 1925 1372 1994 iu
1391 1927 1578 2018 templum,

1131 2023 1317 2098 Custodite
1333 2053 1392 2112 os,
1412 2053 1458 2101 ue
1474 2032 1560 2124 quid
1580 2025 1705 2099 dicatis
1721 2027 1972 2120 irreligiosum,

1080 2121 1154 2196 100
1180 2125 1228 2198 Et
1242 2131 1446 2204 volentibus
1459 2133 1554 2204 bona
1571 2125 1593 2166 *
1609 2131 1754 2202 oracula
1770 2129 1889 2216 dicite,

1128 2229 1283 2323 Propria
1296 2233 1419 2325 lingua
1435 2237 1631 2308 narrando.

1127 2330 1204 2406 Nos
1218 2349 1337 2408 autem
1353 2339 1513 2424 iabores,
1535 2364 1627 2434 quos
1645 2360 1664 2406 a
1682 2336 1802 2430 pueris

1128 2433 1353 2514 haberemus
1367 2466 1499 2538 usque,
1529 2441 1640 2512 ramis
1655 2439 1762 2524 lauri,

1181 2739 1390 2796 clandestinum
1406 2743 1517 2806 pertun
1534 2741 1564 2794 ln
1581 2740 1634 2792 llel
1650 2740 1788 2806 prolicere
1806 2739 1925 2804 donum,

1180 2813 1262 2862 llltrs
1279 2823 1348 2863 vero
1368 2809 1451 2862 tinen
1470 2823 1621 2864 secernere
1640 2811 1738 2874 cupide
1759 2811 1828 2866 ersl.

1179 2881 1363 2933 liberetione
1380 2881 1472 2932 snum
1489 2880 1583 2933 onlslt
1600 2881 1810 2935 crudelitatem.
1827 2883 1855 2930 et
1873 2881 1947 2931 Dens

1177 2949 1297 3001 Adiutor
1314 2953 1376 3002 eret
1395 2961 1498 3016 puero,
1516 2963 1553 3002 ne
1570 2949 1718 3000 eliceretur
1736 2963 1752 3000 e
1770 2951 1857 3000 dorso.

1178 3017 1237 3067 Alit
1254 3029 1323 3069 vero
1341 3019 1431 3082 ipsun
1449 3021 1604 3082 accipleus3
1624 3019 1805 3069 seminantem
1823 3029 1889 3068 vero

1178 3087 1303 3137 Nesclvlt
1320 3088 1472 3152 Phoebum,
1490 3089 1727 3150 nequeuntem,
1745 3087 1823 3138 culus
1841 3091 1928 3146 esset,

1091 3206 1095 3215 ,
1176 3157 1213 3206 Et
1230 3155 1292 3218 lpse
1309 3167 1378 3218 puer
1395 3157 1526 3218 parentes
1543 3156 1640 3208 nescu

1176 3225 1289 3276 invenis
1302 3225 1395 3287 ltaque
1407 3223 1548 3289 existens,
1560 3223 1635 3274 cirea
1648 3233 1696 3288 es,
1709 3233 1779 3286 quse
1792 3223 1825 3272 de
1840 3229 1891 3278 ere
1904 3222 2060 3290 veniebant,

1484 3293 1616 3343 elimenta

1177 3363 1330 3412 Emortui·
1345 3359 1486 3425 malurn
1503 3363 1534 3410 ut
1551 3373 1619 3414 sero
1638 3359 1906 3424 cruentemus,

1176 3431 1274 3494 nelpll
1293 3433 1383 3494 ipsum
1401 3431 1568 3480 creaverunt
1585 3429 1725 3480 custodem
1743 3429 1806 3480 suri
1823 3429 1910 3494 lpsim
1929 3430 1990 3496 Del,

1177 3501 1214 3555 ltt
1231 3505 1407 3566 cunctorem
1422 3499 1531 3552 Alelen
1548 3499 1676 3552 cnutum.
1710 3499 1741 3551 lu
1760 3497 1869 3562 templis
1887 3511 1955 3552 vero

1176 3570 1228 3620 liei
1246 3569 1317 3620 vivit
1333 3569 1376 3618 laic
1394 3582 1505 3632 semper
1521 3571 1647 3620 sanctem
1664 3567 1760 3622 vitem.

1176 3638 1385 3704 crassenses,
1403 3647 1474 3704 quse
1490 3639 1638 3702 pepererat
1656 3638 1727 3688 lunc
1744 3637 1955 3704 adolescentem,

1176 3709 1271 3758 Xutho
1288 3707 1381 3772 nubit,
1399 3719 1417 3758 s
1434 3707 1484 3756 tali
1502 3718 1578 3762 casn.

1175 3777 1238 3828 llrlt
1254 3777 1368 3827 Athenis
1384 3779 1412 3826 et
1430 3775 1668 3834 Chalcidensibus,

1177 3845 1229 3909 oui
1247 3849 1350 3896 terrem
1367 3845 1522 3896 inhabitant
1539 3847 1695 3910 Euboean,
1714 3843 1823 3894 hostilis
1843 3845 1941 3894 motus.

1177 3917 1255 3978 Quod
1273 3927 1329 3966 une
1345 3915 1507 3978 perferens,
1527 3919 1555 3966 et
1572 3927 1749 3978 compescens
1767 3915 1857 3976 lesu,

1173 3985 1335 4048 Nuptiarum
1353 3985 1478 4036 creusae
1493 3983 1653 4052 dignitatem
1670 3983 1786 4046 accepit,

1174 4057 1235 4108 Non
1254 4053 1367 4120 gentilla
1385 4054 1525 4118 existens,
1541 4053 1621 4104 Aeoli
1639 4052 1688 4102 iiiii
1705 4049 1791 4114 iovis,

1174 4125 1230 4174 Sed
1248 4122 1369 4172 existens
1386 4123 1520 4176 selum.
1554 4123 1705 4170 lllutnrnos
1723 4127 1791 4166 vero
1809 4115 1949 4168 semineus
1965 4117 2053 4169 lectos

1173 4191 1284 4244 Liberis
1301 4191 1379 4240 earet
1396 4193 1425 4240 et
1441 4190 1504 4252 ipss
1522 4189 1645 4254 Creusa,
1662 4197 1776 4248 quorun
1793 4185 1883 4248 grstia

1173 4261 1297 4310 veniunt
1316 4258 1352 4306 sd
1369 4255 1501 4306 vstlolnls
1516 4255 1653 4318 Apollinis
1669 4257 1748 4314 haec,

1173 4330 1275 4378 Amore
1291 4335 1446 4390 puerorum.
1481 4323 1582 4384 spolio
1599 4334 1666 4372 vero
1682 4323 1753 4372 lenc
1771 4328 1863 4388 cason

1172 4397 1216 4447 Aa
1233 4397 1285 4446 ilco
1302 4391 1443 4458 producit,
1460 4405 1550 4455 neque
1567 4393 1729 4456 ignoratur,
1745 4391 1776 4440 ut
1793 4389 1942 4442 exisiiiltst.

1173 4463 1256 4516 uelit
1271 4463 1343 4514 sntn
1361 4460 1526 4526 lumedleutl
1549 4461 1678 4524 tenplum
1695 4459 1746 4512 hoo
1875 4455 1878 4464 '

1173 4533 1267 4584 Xutho
1284 4543 1362 4582 suun
1380 4529 1469 4594 ipsius
1486 4529 1587 4594 Allan,
1605 4531 1634 4578 et
1648 4529 1740 4580 ustum

1171 4601 1250 4652 illius
1278 4601 1365 4666 ipsum
1388 4599 1528 4662 domme,
1552 4595 1650 4650 nauis
1674 4597 1704 4646 ut
1726 4593 1866 4658 prolectas
1890 4595 1924 4646 sd
1943 4596 2050 4648 domun

1172 4673 1346 4736 Agnomtur
1363 4681 1382 4720 s
1398 4667 1521 4730 creusa,
1538 4669 1621 4730 etque
1638 4665 1722 4716 etiam
1739 4667 1769 4714 ut
1786 4663 1897 4728 nuptias
1913 4665 2051 4732 spoltino

1173 4739 1305 4792 occultes
1320 4737 1391 4796 sint,
1410 4739 1438 4786 et
1455 4734 1528 4786 Alius
1549 4735 1647 4786 lislam
1665 4733 1870 4786 haereditaten.

1172 4807 1240 4858 lons
1255 4817 1323 4858 vero
1342 4805 1448 4869 ipson,
1463 4804 1632 4856 conditor-ern
1650 4801 1789 4854 Asiaticas
1808 4803 1912 4865 terrae,

1172 4875 1288 4928 Nomine
1303 4875 1440 4926 nominari
1457 4871 1540 4924 luctet
1557 4885 1605 4935 per
1623 4866 1776 4925 Gramion.

1171 4945 1227 4996 sed
1247 4945 1273 4994 in
1291 4945 1343 4996 ios
1360 4945 1472 4994 lcareos
1486 4953 1619 4992 usurus
1636 4939 1788 5006 ingrediar,

1171 5015 1285 5066 remu
1303 5015 1334 5063 rt
1349 5023 1498 5078 umescere
1515 5021 1534 5060 s
1550 5021 1645 5070 puero.

1170 5083 1259 5134 Video
1276 5081 1348 5132 enirn
1366 5080 1549 5142 egredientem
1567 5077 1655 5140 ipsum
1673 5075 1808 5142 Apollinis
1825 5073 1906 5126 fllium

1170 5153 1264 5208 llunc,
1286 5153 1317 5200 ut
1332 5153 1398 5200 ente
1414 5149 1543 5211 templum
1560 5147 1702 5210 splendide
1719 5145 1801 5195 lactet
1819 5143 1953 5193 variants

1170 5219 1258 5272 Mori
1274 5217 1368 5270 remis.
1401 5217 1505 5270 Nomen
1524 5227 1609 5276 vero,
1626 5215 1697 5278 qood
1714 5214 1863 5276 coepturos
1880 5215 1933 5272 est,

1170 5287 1262 5340 ioue·
1283 5299 1335 5352 ego
1351 5286 1456 5350 prinus
1473 5283 1583 5337 nonme
1599 5283 1727 5334 necron.

1099 5371 1148 5440 2²)
1167 5369 1283 5440 ronna]
1302 5371 1345 5424 sie
1361 5371 1412 5425 rto.
1432 5370 1509 5422 ills.
1526 5373 1554 5420 st
1569 5369 1702 5430 receutts
1719 5363 1771 5420 tlt.
1792 5365 1866 5418 1⁵62.
1884 5367 1980 5418 neuile
1999 5371 2047 5430 ty-

1441 5509 1491 5578 63

1036 5465 1044 5508 p
1135 5453 1230 5508 mre
1247 5441 1350 5492 nnus.
