4738 6090
49 265 115 342 tto
268 259 342 334 Lll.
393 255 740 358 annaneane
766 259 973 332 OPERUM
998 257 1068 332 ET-
1092 255 1285 328 utaaUM
1310 252 1518 332 HESIODl.
1553 251 1852 330 uara-286.
2009 257 2091 338 214

51 435 214 516 absurdo,
239 431 343 527 quasi
357 431 467 502 dicat:
491 428 592 506 Nihil
606 435 774 515 referret,
797 433 920 527 quales
942 455 1035 504 essen
1059 471 1065 530 Ι
1085 429 1247 502 medicus
1263 427 1493 524 praecidit¹⁰)
1514 427 1672 523 aliquam
1688 439 1829 520 partem
1845 429 2020 520 corporis,
2045 445 2090 504 ut

51 563 135 621 mus,
173 535 206 606 si
232 560 308 606 non
331 549 448 608 essent
472 537 687 608 constitutae
710 560 849 630 poenae
875 547 911 604 et
929 559 1036 628 prae·
1086 546 1248 604 servetur
1264 545 1379 604 totum
1404 556 1555 623 eorpus,
1585 533 1633 600 ita
1650 543 1690 602 ut
1704 531 1886 604 societatis
1905 529 2089 608 humanae

51 641 120 712 nir.
176 638 293 732 Atqui
319 653 403 710 sunt
432 663 572 730 poenae
602 651 640 708 et
670 640 844 731 praemia.
908 635 1036 734 ltaque
1086 661 1216 729 corpus
1233 647 1476 720 conservetur,
1502 635 1661 708 latrones
1677 634 1824 704 tollendi
1841 649 1937 718 sunt,
1961 637 2089 722 etalii,

52 743 184 816 multum
200 744 323 813 refert.
374 741 471 814 ldem
496 755 748 833 argumentum
769 753 822 812 est
842 743 937 833 apud
952 742 1034 812 Ari·
1086 741 1149 834 qui
1172 741 1312 810 violant
1331 739 1538 812 societatem
1560 732 1770 808 humanam.
1828 735 1913 810 Ideo
1935 753 1969 810 et
1992 741 2087 812 bella

52 841 247 937 stophouem
271 845 311 914 in
326 845 509 941 Plator),
543 845 605 915 ubi
621 847 805 916 oraculum
822 846 1034 927 consulitur,
1085 844 1161 933 geri
1177 855 1331 934 oportet.
1369 845 1404 912 7.
1430 840 1477 912 Et
1494 841 1577 934 quia
1592 853 1721 912 natura
1739 865 1815 910 nou
1830 854 1883 912 est
1897 843 2089 928 laedenda,

56 949 160 1044 quibus
182 948 326 1018 artibus
347 970 455 1018 senex
486 948 600 1019 hlium
629 949 794 1019 instituat
821 951 946 1032 snum,
988 949 1034 1020 ad
1085 945 1569 1032 uecollendendasocietas,
1604 945 1685 1012 ideo
1705 943 1743 1012 in
1760 944 1857 1014 victu
1872 949 2023 1030 modus,
2049 960 2089 1018 ct

61 1053 273 1134 virtutemne,
299 1073 346 1120 an
363 1054 408 1120 ad
423 1064 655 1145 quaestuosas
672 1063 766 1122 artes
781 1053 953 1122 conterat.
986 1049 1034 1130 Et
1087 1053 1177 1118 ordo
1204 1051 1242 1120 in
1269 1048 1475 1123 actionibus·
1491 1049 1689 1120 servandus
1713 1059 1775 1118 est.
1843 1047 1962 1121 Porro
1994 1050 2087 1122 sicut

65 1155 235 1224 consultum
253 1167 327 1237 est,
351 1147 403 1234 ὥς
417 1145 558 1249 σφόδρ’
580 1151 658 1228 ἐστὶ
674 1151 870 1250 συμφέρον
893 1149 937 1226 τὸ
960 1179 1032 1246 μη·
1085 1153 1217 1224 divinis
1241 1152 1380 1242 legibus
1402 1150 1542 1242 scriptis
1568 1151 1817 1240 obtemperare
1838 1175 1905 1224 uos
1930 1167 2085 1245 oportet,

60 1251 106 1330 tet
122 1255 252 1330 ἀσκεῖν
271 1249 375 1355 ὑγιὲς
396 1255 437 1330 ἓν
456 1255 568 1352 cqtffl)
593 1261 669 1330 νῦν
688 1254 830 1353 χρόνῳ.
896 1253 948 1326 lta
973 1253 1034 1326 hle
1063 1257 1134 1326 'ita
1154 1253 1259 1328 ethis
1277 1255 1374 1326 Deus
1390 1278 1456 1324 nos
1472 1253 1550 1323 vult
1567 1253 1728 1348 obsequi.
1766 1253 1814 1323 Et
1828 1255 2089 1330 animadvertit

60 1373 138 1450 poeta
159 1360 268 1430 dicit:
304 1358 425 1430 Nolim
451 1383 516 1448 ego
540 1359 654 1430 iustus
676 1385 769 1442 esse,
800 1385 920 1454 neque
939 1359 1034 1430 filius
1085 1359 1123 1427 in
1152 1383 1233 1442 eos,
1276 1359 1339 1452 qui
1369 1381 1428 1428 eas
1458 1356 1614 1442 violant,
1649 1357 1685 1426 id
1709 1360 1807 1450 quod
1833 1358 1886 1426 illi
1908 1359 2087 1435 eruciatus

44 1452 152 1546 'meru
183 1463 217 1536 si
242 1473 390 1532 noceret
413 1485 486 1534 esse
508 1463 664 1547 iustum,
703 1485 769 1532 uec
792 1475 909 1534 esseut
931 1462 1033 1533 iustis
1085 1457 1356 1554 conscientiam)
1376 1461 1415 1528 in
1432 1457 1618 1551 flagitiosis
1635 1472 1824 1544 testantur,
1851 1463 1926 1555 qui,
1945 1465 2089 1536 etiamsi

68 1566 215 1657 proposita
233 1563 410 1656 praemia.
456 1561 800 1636 detruncandum
825 1566 919 1634 ratio
941 1565 1033 1636 diiu-
1084 1589 1193 1634 nemo
1209 1561 1376 1650 resciscat
1393 1587 1520 1634 eorum
1536 1562 1694 1646 lacinus,
1726 1576 1848 1632 tamen
1872 1568 2086 1651 naturaliter

69 1667 152 1738 ditare
166 1681 304 1762 potest,
332 1669 484 1736 multum
509 1671 662 1752 referre,
696 1669 859 1738 bonusne
882 1669 964 1761 quis
985 1693 1033 1738 an
1085 1680 1251 1738 metuunt
1264 1667 1512 1759 impendentes
1528 1690 1674 1757 poenas.
1730 1665 1792 1736 Fit
1810 1679 1928 1736 autem
1954 1665 2091 1743 harum.

66 1771 152 1843 malus
166 1774 230 1854 sit,
253 1783 288 1842 et
303 1771 334 1841 si
349 1793 424 1842 non
440 1784 548 1865 queat
561 1770 682 1842 videre
699 1795 835 1856 causas,
857 1794 924 1840 nec
940 1772 1032 1842 diiu-
1084 1773 1202 1861 legum
1218 1795 1324 1862 saepe
1341 1770 1490 1838 mentio.
1543 1767 1601 1838 Sic
1616 1767 1794 1838 luvenalis
1809 1767 1876 1864 Μ);

68 1873 176 1958 ditate,
201 1875 381 1946 turmalis
396 1874 488 1944 bene
501 1875 567 1958 sil,
589 1887 623 1942 el
637 1874 741 1944 bonit
757 1875 862 1945 male·
898 1874 1033 1966 Quem·
1085 1925 1096 1952 ι
1126 1891 1266 1968 Namque
1290 1889 1372 1950 aliud
1393 1901 1500 1951 natura
1521 1887 1603 1947 aliud
1623 1887 1770 1966 rapientia
1791 1885 1977 1968 suadet⁸³)l

70 1979 235 2048 admodum
247 1977 358 2048 oeulis
383 1978 540 2048 colorem
563 1977 661 2046 videt
683 1978 831 2070 aliquis,
865 1977 949 2048 licet
969 2001 1032 2048 ne·
1187 2018 1221 2064 v,
1237 1993 1325 2068 285,
1351 1990 1474 2087 (282)
1498 1985 1695 2084 νήκεστον]
1722 1991 1759 2060 id
1777 2004 1849 2074 est,
1876 1991 2085 2064 immediffi.

73 2079 163 2160 sciat,
182 2103 238 2146 cur
250 2103 316 2150 non
336 2103 452 2173 acque
465 2103 554 2150 naso
570 2081 626 2148 vel
638 2080 792 2172 pedibus
806 2080 938 2150 videat.
978 2079 1030 2150 Ita
1083 2079 1224 2180 himer,
1250 2090 1586 2190 quasidicasffl)
1607 2092 1778 2168 ἄκρατον,
1829 2093 1894 2166 Est
1917 2097 2012 2168 enim
2036 2095 2086 2193 m)

83 2201 185 2248 “lm
216 2195 311 2254 ΜΕ
345 2182 445 2254 videl
478 2183 660 2254 neminem
696 2207 769 2254 ⁸⁸⁸⁶
801 2184 1032 2266 laedendum,
1082 2199 1239 2276 steritica
1257 2198 1455 2290 particula,
1483 2209 1518 2265 et
1532 2193 1630 2268 ἆκὲω
1646 2197 1822 2286 signifieat
1836 2199 1995 2271 medeor.

82 2285 268 2373 quantnmris'
281 2309 422 2368 causas,
449 2309 513 2354 cur
528 2286 577 2356 sic
593 2286 732 2370 videat,
759 2286 914 2378 ignoret.
964 2287 1033 2358 At·
1187 2301 1233 2372 Ec
1248 2303 1431 2394 eleganter
1451 2299 1542 2370 dixit
1563 2294 1617 2395 [v.
1632 2298 1720 2374 284,
1747 2298 1890 2400 (282‚)]
1913 2300 2083 2399 ἅμαυρο.

74 2407 128 2476 que
139 2379 196 2454 hec
209 2388 249 2456 de
267 2413 373 2460 eausa
396 2388 526 2458 adiecit
548 2391 825 2470 correctionem
860 2390 923 2462 scd
943 2385 1032 2460 haec
1082 2400 1516 2504 rfatrtvtdrotl.⁰ril³⁸›
1543 2422 1636 2495 quae
1652 2407 1918 2496 propemodum
1943 2407 2086 2478 oblim.

74 2492 403 2578 ⁰⁰¹¹P¹¹l⁰f³clurum
419 2489 555 2563 lovem·
1084 2521 1196 2579 ratur.
1254 2508 1381 2602 Neque
1405 2507 1501 2577 euim
1526 2517 1666 2574 tantum
1688 2507 1843 2576 sumitur
1867 2509 2086 2601 supplicium

150 2634 174 2680 v·
191 2609 279 2686 275.
302 2609 427 2708 (275.)
452 2608 529 2683 Kal
541 2635 591 2684 νυ
605 2605 711 2706 δίκης
735 2603 912 2694 ἐπάκουε,
946 2603 1034 2704 βίης
1084 2610 1244 2702 deipso‚
1277 2613 1340 2681 sed
1362 2610 1462 2704 deM)
1486 2607 1597 2702 ipsius
1619 2610 1728 2680 etiam
1751 2611 1889 2692 liberis;
1923 2635 2007 2682 nam
2033 2613 2088 2683 illi

70 2701 100 2778 δ’
110 2706 260 2808 ἐπιλήθεο
276 2707 453 2808 πάμπαν]
478 2717 762 2806 Argumentatur
783 2726 947 2782 anatura
967 2707 1033 2780 ho-
1083 2727 1208 2806 postea
1237 2715 1393 2784 deterius
1422 2710 1618 2784 habebunt.
1684 2713 1784 2784 Sicut
1805 2727 1841 2784 et
1863 2715 1966 2788 Mose
1986 2717 2087 2802 dicit,

66 2811 158 2898 nint's,
181 2817 291 2887 etius
308 2829 460 2886 naturae
486 2818 673 2902 describit,
707 2830 743 2887 et
764 2816 851 2886 dicit
875 2811 1032 2884 homini·
1085 2819 1183 2912 quod
1194 2815 1293 2888 Deus
1308 2830 1428 2889 sumat
1443 2815 1659 2909 supplicium
1674 2819 1719 2886 de
1734 2813 1810 2902 his,
1836 2819 2085 2914 quimandau

62 2913 286 3012 busquasdam
302 2919 495 2992 sententias
512 2943 585 2992 esse
605 2920 749 3003 insitas,
774 2944 837 2990 seu
859 2918 1032 2988 divinitus
1085 2921 1161 2992 eius
1175 2922 1380 3013 negligunt,
1406 2922 1445 2989 in
1469 2921 1613 2990 tertiam
1639 2931 1674 2988 et
1695 2936 1862 3015 quartam
1885 2925 2089 3015 generatio-

62 3015 218 3116 inscriptas
235 3023 278 3091 in
293 3022 443 3106 animis,
469 3043 563 3117 quae
578 3026 731 3093 doceant
744 3047 810 3094 nos
829 3035 937 3093 recta.
990 3019 1032 3090 ln
1084 3025 1237 3121 neura).
1291 3015 1422 3096 Graeci
1437 3019 1506 3112 hac
1520 3028 1566 3094 de
1581 3048 1621 3092 rc
1635 3023 1748 3096 libros
1764 3026 1998 3118 scripserunt.
2037 3029 2089 3100 Ec

63 3117 149 3197 hestiis
165 3151 245 3196 non
259 3138 344 3196 suut
367 3126 543 3196 eiusmodi
569 3126 786 3209 sententiae,
820 3149 912 3220 quae
939 3121 1033 3195 iudi·
1084 3140 1180 3198 extat
1195 3129 1333 3200 libellus
1345 3121 1532 3200 Plutarchi
1546 3129 1591 3197 de
1607 3123 1682 3211 his,
1708 3132 1770 3222 qui
1786 3154 1867 3199 sero
1883 3133 2088 3222 puniuntur

65 3239 133 3310 cent,
154 3230 245 3325 quid
261 3229 308 3300 sit
322 3231 528 3300 faciundum
538 3227 618 3328 ⁴⁷),
632 3229 745 3298 immo
770 3241 823 3300 est
847 3228 969 3296 videre
992 3229 1030 3296 in
1084 3257 1104 3300 a
1120 3231 1340 3328 numineffl),
1368 3245 1403 3303 et
1419 3232 1561 3328 quaerit
1578 3231 1760 3304 mirabiles
1776 3233 1946 3308 rationes.
1997 3235 2088 3307 Eius

61 3319 107 3410 lla,
127 3334 221 3425 quod
239 3332 365 3403 omnia
380 3333 416 3400 vi
432 3347 616 3424 gerantur,
631 3357 712 3402 cum
727 3327 935 3402 horninibus
952 3331 1028 3402 iura
1084 3335 1190 3404 verba
1211 3330 1418 3430 haeqsuut:
1454 3335 1540 3407 Plus
1555 3348 1608 3408 est
1622 3333 1745 3406 divina
1762 3337 1907 3429 negotia
1924 3340 2086 3412 conside·

59 3437 221 3505 constituta
246 3436 341 3518 sint,
377 3437 643 3530 coniungantur
658 3449 693 3504 et
710 3449 898 3527 regantur:
943 3457 1030 3524 ergo
1082 3462 1164 3507 rare
1179 3435 1345 3511 homines
1360 3439 1568 3524 existentes,
1596 3463 1705 3533 quam
1725 3443 1770 3510 de
1794 3442 1941 3514 musicis
1964 3443 2087 3536 dispu-

57 3525 193 3610 homiues
208 3539 288 3608 iure
312 3539 444 3608 dehent
466 3540 685 3632 disceptare,
719 3539 771 3610 vis
797 3539 940 3609 beluina
967 3549 1029 3608 est.
1083 3553 1179 3626 tare,
1202 3543 1354 3636 quinon
1372 3557 1457 3617 sunt
1471 3543 1617 3627 musici,
1645 3547 1743 3614 etde
1769 3569 1808 3614 re
1824 3545 1993 3631 militari,
2021 3547 2088 3642 qui

55 3633 163 3712 Paulus
187 3667 249 3712 eas
274 3643 369 3733 leges
392 3641 578 3712 veritatem
603 3642 673 3712 Dei
703 3641 872 3734 appellat.
939 3639 1031 3710 Sunt
1083 3645 1158 3716 eius
1173 3647 1226 3714 rei
1242 3647 1401 3738 imperiti
1419 3647 1569 3742 sunt⁸⁷).

56 3753 151 3812 autem
170 3741 344 3814 haesere:
383 3749 416 3818 1.
440 3743 557 3815 Deum
573 3745 660 3818 cole.
700 3751 737 3824 2.
753 3747 941 3817 Neminem
958 3743 1031 3812 lae·
1186 3775 1220 3820 v.
1238 3751 1327 3824 286.
1360 3751 1482 3848 (284.)
1515 3747 1591 3825 Σοὶ
1623 3746 1664 3824 ‹l'
1703 3747 1778 3850 ἐγώ
1814 3745 1932 3822 ἐσθλὰ
1966 3745 2088 3822 νοέων

55 3841 126 3916 dito.
165 3841 213 3918 a.
238 3847 332 3942 Quia
358 3853 404 3918 ad
428 3849 633 3920 societatem
657 3849 741 3918 facti
765 3873 908 3932 sumus,
944 3869 1029 3938 ergo
1082 3848 1189 3951 ἐρέω]
1218 3853 1394 3926 Hortatur
1411 3857 1457 3924 ad
1473 3856 1635 3926 laborem
1661 3879 1757 3928 nunc
1777 3867 1902 3944 poeta,
1936 3853 2085 3922 ductum

53 3943 229 4019 henelacito
248 3947 350 4035 aliis,
383 3965 418 4022 et
439 3977 506 4044 pro
529 3953 702 4022 beneficio
726 3954 837 4022 redde
864 3950 1029 4044 gratiam,
1083 3971 1337 4046 argumentum
1356 3985 1375 4027 a
1394 3971 1526 4028 natura
1540 3957 1696 4029 virtutis.
1758 3955 1851 4027 Nam
1877 3955 1926 4024 ita
1950 3977 2085 4046 propo-

56 4046 143 4116 iurta
155 4051 224 4124 illas
238 4057 405 4146 vulgares
417 4056 631 4128 sententias:
666 4051 796 4126 Manus
812 4076 959 4124 manum
977 4054 1029 4122 la·
1082 4059 1137 4129 uit
1151 4061 1335 4144 laborem,
1362 4073 1403 4130 ut
1418 4061 1464 4131 sit
1481 4061 1694 4132 coniunctus
1710 4085 1791 4130 cum
1817 4057 1948 4126 virtute
1971 4069 2009 4126 et
2030 4057 2085 4128 lu·

55 4161 127 4232 *³¹2
155 4155 276 4246 digitus
300 4158 453 4249 digitum
468 4157 528 4255 ιΒ).
588 4157 625 4230 4.
648 4158 763 4229 Certis
784 4158 921 4250 legibus
945 4178 1030 4225 con·
1122 4245 1129 4248 -

52 4254 233 4332 numum
254 4261 598 4380 ⁰⁰⁰iu⁰genda.’.ei
620 4260 1029 4381 educandam.⁵⁰b⁰lem
1118 4337 1153 4386 ⁴⁹
1204 4329 1584 4394 rectaantercut.tsaa.
1619 4329 1738 4380 tectu.
1777 4325 1868 4378 toea·
1897 4325 1944 4376 ut.
1961 4323 2036 4376 1511.
2051 4323 2082 4379 tt.

52 4359 359 4436 etdeleudeudam.
412 4363 448 4437 5.
464 4365 642 4454 ,Crvltatcs
657 4390 731 4435 esse
747 4364 1029 4448 consumendas,
1152 4333 1956 4467 {riezfflm3412„¹357·‚1g'54..1m',pm.imau,
2028 4426 2032 4435 .
2083 4424 2089 4434 .

52 4467 232 4546 parendum
260 4467 508 4558 magistratui,
552 4477 587 4538 et
610 4481 714 4558 pacta
738 4470 915 4539 servanda
944 4491 1030 4536 esse.
1117 4489 1388 4556 ao)cometenttre]
1415 4483 1704 4548 incunctante,
1742 4479 1836 4546 1147..
1873 4479 2081 4534 taut-tott-

52 4558 130 4634 lam
143 4569 276 4666 alioqui
292 4572 442 4642 societas
459 4567 647 4640 homiuum
665 4595 740 4639 non
756 4584 874 4664 potest
888 4589 1031 4640 conser-
1153 4560 1243 4610 deest.
1467 4641 1515 4692 m

52 4669 136 4752 rari,
159 4673 225 4745 uisi
239 4675 328 4746 fides
344 4663 559 4748 serreturin
574 4667 833 4746 contrahendo.
881 4671 916 4744 6.
934 4669 1032 4742 Sicut
1117 4643 1167 4712 Μ)
1186 4644 1385 4696 ¹¹¹'''¹²¹'⁵⁸‘'
1408 4645 1449 4708 ¹⁴²
1521 4679 1529 4696 ⁰

1117 4731 1167 4790 aa)
1185 4713 1308 4792 numius
1326 4763 1333 4780 .
1354 4765 1360 4780 .
1378 4765 1386 4782 .
1407 4765 1413 4778 .
1432 4721 1570 4788 erraret]
1588 4725 1630 4775 uc
1647 4724 1712 4778 tuo
1724 4721 1826 4788 natu,
1850 4724 1942 4779 ravan.
1959 4698 2083 4778 sasnu-

52 4835 239 4862 --.,,
1153 4799 1241 4864 perti:
1266 4797 1460 4862 Nunquam..
1481 4833 1487 4845 .
1507 4829 1514 4844 .
1533 4795 1607 4846 ctctt.
2044 4796 2047 4805 “

1117 4885 1167 4946 13)
1186 4878 1235 4946 νὴ]
1253 4881 1280 4932 lu
1298 4883 1349 4934 Ed.
1370 4881 1445 4934 raet.
1465 4880 1557 4930 omlsr.

81 4939 122 5002 45)
138 4945 278 5008 aristoph.
296 4942 367 4996 rtet
385 4941 501 5008 31444.
1118 4971 1169 5028 114)
1187 4969 1236 5028 de]
1254 4966 1282 5018 iu
1300 4965 1488 5016 11411411.
1507 4963 1601 5018 omiss.

83 5055 190 5130 ttqui]
208 5059 262 5115 Ed.
279 5059 355 5114 1112.
375 5069 474 5112 errore
492 5062 624 5125 typogm
648 5055 690 5110 τό.
1118 5055 1168 5120 aa)
1187 5053 1272 5104 taret.
1290 5051 1376 5136 mu
1401 5051 1447 5114 41,
1464 5051 1490 5104 t.
1658 5132 1664 5150 ι
1715 5134 1726 5147 υ
1774 5127 1779 5142 ¹

82 5174 126 5238 ⁴⁷)
141 5179 308 5242 turnum]
333 5181 375 5232 aa
398 5178 595 5241 1141141111..
622 5180 699 5233 uer.
720 5181 766 5246 r..
793 5177 887 5240 tuear
923 5179 1034 5230 caure
1118 5137 1495 5274 ⁵⁶}‘ffl2ffi0ffltylm
1511 5139 1568 5186 0⁸⁸
1600 5149 1663 5200 me
1688 5149 1745 5184 των
1766 5132 1822 5184 vua
1845 5131 1894 5183 τοῦ
1916 5131 1996 5184 ww
2014 5133 2083 5198 tra·

114 5249 204 5304 mhi
229 5251 392 5308 mm*
1118 5294 1168 5360 57)
1186 5293 1328 5344 Plutarchi
1346 5295 1433 5342 verte
1451 5293 1498 5340 11.
1516 5305 1539 5344 c.
1553 5296 1579 5341 4.
1606 5292 1648 5341 teto
1671 5291 1758 5340 latine
1782 5291 1891 5340 reddite
1915 5289 1983 5340 traco
2000 5289 2081 5336 route

83 5365 129 5430 48)
145 5369 200 5438 χιῖρ
224 5373 307 5440 χεῖρα
332 5367 439 5434 νύττει,
469 5362 602 5427 ddrroldc
626 5383 655 5419 re
679 5363 831 5427 δάκτυλον,
867 5360 933 5423 1))111
957 5359 1034 5428 hetti>
1155 5361 1242 5414 nator
1259 5355 1314 5430 γάρ
1332 5358 1392 5411 ἐστι
1408 5361 1458 5410 τοῦ
1474 5358 1541 5424 neni
1557 5359 1705 5426 uouere-'r
1720 5355 1879 5442 duodecem,
1896 5355 1944 5410 nul
1960 5355 2081 5422 1101144·

117 5439 196 5500 Νῢῖὺί
225 5443 263 5494 lit
293 5437 403 5500 atlete}
437 5441 511 5492 wall.
538 5437 647 5495 Erasml
670 5439 771 5504 Adtg.=
787 5433 851 5490 cett.
872 5439 890 5489 l.
919 5433 1032 5488 041111.
1155 5431 1212 5483 τῶν
1230 5425 1431 5498 ἀστρατεύτους
1448 5426 1640 5496 διαλέγεσθαι,
1672 5426 1703 5478 τὸ
1728 5443 1763 5478 τα
1788 5431 1853 5480 dero
1878 5423 1925 5480 sel
1949 5421 2080 5494 4144461114

120 5517 192 5568 pror.
203 5512 264 5576 14..
290 5509 414 5562 Etseletu
431 5510 450 5560 1.
468 5509 487 5558 1.
505 5521 531 5572 p.
548 5509 609 5562 876.
658 5536 662 5549 ·
1002 5546 1006 5557 .
1069 5560 1075 5574 ι
1156 5495 1310 5568 πράγματα
1328 5497 1506 5558 διασκοπεῖν,
1523 5495 1690 5566 ἀνθρώπους
1706 5494 1796 5558 ὄντας.
2048 5525 2052 5533 ·

1492 5563 1567 5640 14*
