4732 6098
36 242 52 265 ι
76 209 155 284 805
538 211 661 291 LXVI.
713 213 1111 340 lnTERPRaTAno
1138 211 1384 287 TRDADUM
1409 208 1660 285 EURIPIDIS.
2046 227 2121 302 806

128 384 225 456 hhiit
257 380 348 456 mihi
386 385 637 458 benevolentia
680 413 764 482 erga
807 387 901 461 hane
940 391 1068 462 urbem
1170 395 1422 482 Agamemnon
1453 384 1556 456 duxit
1587 383 1763 456 violenter
1793 389 1997 466 adulterino
2035 423 2119 470 con-

481 483 708 584 Phrygum,'
1541 487 1674 560 cubitu.

129 591 228 686 Quae
242 614 340 661 nunc
354 589 498 666 incensa
515 605 586 677 est,
612 606 649 663 et
662 598 707 668 ab
722 595 1031 690 Argivoexercito
1121 591 1171 669 45
1198 595 1267 667 Sed
1284 595 1383 677 vale,
1410 617 1433 661 o
1449 589 1573 662 civitas
1589 593 1772 688 quondam
1786 596 1913 686 beata,

129 693 239 764 Periit
255 707 468 788 expugnata.
520 694 615 767 Nam
630 696 825 773 Parnasius
986 713 992 722 “
1169 697 1216 770 Et
1233 723 1254 769 o
1272 708 1493 768 ornataarx:
1521 695 1551 766 si
1565 707 1600 765 te
1615 717 1690 765 non
1706 698 1920 788 perdidisset

84 797 127 866 10
148 797 268 891 Epeos
283 794 502 882 Phocensis,
524 797 716 876 instructus
736 829 756 876 a
771 805 955 889 Minerva,
1169 803 1309 886 Pallas,
1335 825 1427 874 esses
1442 794 1559 870 adhuc
1574 798 1613 868 in
1629 799 1772 872 sedibus
1786 802 1868 876 tuis.

127 900 269 997 Equum
285 899 395 974 armis
410 902 597 993 gravidum
612 904 809 992 fabricans,
1170 910 1264 980 Min.
1290 903 1437 976 Licetne
1452 901 1697 997 propinquum
1714 905 1828 995 patris

126 1003 225 1078 Misit
239 1004 334 1074 intra
352 1005 496 1075 moenia
512 1005 654 1078 exitiale
671 1034 779 1083 onus:
1166 1009 1214 1080 Et
1229 1022 1413 1102 potentem
1431 1019 1466 1077 et
1480 1002 1700 1076 honoratum
1718 1005 1857 1093 Deum,

124 1108 230 1177 Unde
245 1131 266 1176 a
282 1107 435 1200 posteris
448 1109 636 1181 vocabitur
854 1129 863 1142 ⁸
1119 1109 1169 1185 50
1195 1111 1366 1206 Deposita
1379 1109 1501 1206 priore
1516 1109 1716 1192 simultate,
1742 1109 1871 1180 affari?

127 1210 304 1283 Durateus
320 1233 451 1308 equus,
476 1213 663 1286 continens
675 1215 871 1290 occultatas
892 1215 1066 1318 hastas').
1168 1221 1268 1306 Necl-
1294 1214 1413 1297 [alcen
1441 1224 1707 1304 „fflgnflfflmm
1724 1212 1819 1284 enlm
1834 1237 2043 1306 ⁰⁰118r0⁵sus

88 1307 127 1382 15
146 1313 239 1386 nuci
254 1315 403 1398 deserti,
430 1327 466 1385 et
479 1313 641 1387 Deorum
657 1320 791 1411 templa
1168 1319 1283 1404 „Non
1297 1319 1463 1412 exiguum
1479 1313 1653 1410 philtrum
1667 1329 1751 1388 sunt
1768 1316 1986 1393 animorum.

87 1511 91 1518 '
119 1419 258 1490 Fluunt
276 1419 404 1504 caede,
429 1430 465 1488 et
480 1420 525 1487 ad
541 1421 672 1510 gradm
687 1423 914 1496 fundamenti
1168 1427 1263 1495 Mla.
1290 1421 1417 1494 Laudo
1434 1421 1506 1492 iras
1521 1419 1730 1514 placabiles;
1756 1421 1867 1492 affero
1886 1421 1952 1493 tibi

118 1521 218 1592 Iovis
232 1519 379 1606 Hercei,
403 1521 530 1591 cecidit
544 1522 712 1596 Priamus
725 1528 895 1601 moriens.
1170 1525 1388 1596 Communes
1402 1547 1585 1598 sermones
1599 1523 1638 1592 in
1651 1524 1823 1596 medium.

115 1625 278 1696 Multum
296 1624 376 1694 auri
391 1637 429 1694 et
442 1619 599 1718 Phrygia
614 1631 749 1719 praeda
1118 1623 1168 1700 55
1193 1635 1293 1720 Nept.
1318 1629 1415 1701 Num
1431 1628 1536 1699 affers
1549 1627 1651 1697 illum
1668 1651 1871 1698 sermonem
1889 1651 1910 1698 a
1926 1625 2023 1716 Diis,
2125 1675 2146 1714 ς

114 1728 280 1801 Mittitur
296 1728 342 1796 ad
358 1751 485 1810 naves;
512 1743 700 1821 expectant
1168 1731 1236 1802 Vel
1250 1756 1270 1802 a
1285 1729 1390 1817 Iove,
1417 1733 1474 1801 vel
1492 1729 1537 1800 ab
1556 1731 1628 1799 alio
1644 1728 1831 1801 Deorum?

57 1839 116 1910 20
139 1833 302 1904 Ventum
320 1853 339 1900 a
356 1855 495 1924 puppe,
521 1845 562 1902 ut
575 1846 658 1925 post
672 1835 885 1906 decennium
1167 1839 1263 1908 Min.
1288 1833 1392 1920 Nou,
1418 1837 1479 1906 sed
1497 1837 1541 1905 de
1550 1831 1683 1917 Troia,
1707 1834 1770 1904 ubi
1782 1856 1879 1904 nunc
1894 1835 2090 1925 gradimur.

119 1937 278 2008 Videant
291 1935 378 2004 laeti
393 1935 562 2026 coniuges
578 1949 615 2006 et.
627 1937 760 2010 liberos
1169 1937 1260 2008 Veni
1289 1941 1335 2010 ad
1361 1952 1460 2010 tuam
1494 1934 1713 2030 potentiam,
1754 1948 1796 2008 ut
1824 1930 1915 2006 mihi
1944 1963 2023 2010 eam
2051 1945 2113 2010 ad-

129 2039 271 2121 Graeci,
313 2038 375 2133 qui
406 2040 576 2110 adversus
607 2035 701 2110 hanc
731 2041 856 2112 urbem
888 2044 1066 2114 duxerunt
1530 2040 1689 2130 iungam.

485 2143 691 2216 exercitum.
1167 2150 1267 2234 Nept.
1292 2145 1369 2231 An,
1394 2158 1456 2217 tua
1471 2143 1593 2236 priore
1607 2141 1661 2210 ira
1678 2141 1858 2234 deposita,

124 2244 201 2337 Ego
218 2249 360 2328 autem,
387 2245 451 2338 qui
463 2245 590 2316 vincor
603 2247 649 2318 ab
663 2245 795 2340 Argiva
812 2247 889 2318 Dea
1119 2247 1168 2318 60
1195 2247 1335 2320 Venisti
1350 2252 1395 2320 ad
1412 2247 1700 2329 miserationem,
1726 2258 1918 2338 postquam
1943 2245 2015 2317 iam
2040 2247 2115 2341 igni

120 2349 259 2420 lunone
274 2360 312 2418 et
324 2347 507 2433 Minerva,
533 2375 626 2444 quae
643 2367 849 2425 everterunt
859 2347 1043 2444 Phrygas,
1529 2349 1714 2420 combusta
1733 2347 1809 2418 est?

68 2451 116 2528 25
142 2451 329 2546 Relinquo
344 2447 449 2522 Ilium
467 2465 502 2522 et
516 2477 613 2524 meas
630 2449 723 2528 iras.
903 2455 906 2461 ’
1170 2455 1265 2525 Men.
1299 2452 1393 2523 Redi
1412 2447 1481 2523 huc
1502 2453 1625 2546 prius,
1668 2448 1950 2523 communicabis
1973 2477 2112 2527 mecum

115 2556 312 2650 „Quando
330 2555 426 2624 enim
444 2557 528 2626 urbs
544 2558 584 2626 lit
602 2558 761 2642 deserta,
1530 2578 1732 2638 sermones,

115 2660 261 2745 „Tunc
291 2657 464 2750 languent
495 2683 553 2730 res
584 2660 748 2745 divinae,
787 2685 851 2730 nec
884 2657 1067 2729 honoran-
1169 2662 1217 2733 Et
1234 2659 1419 2731 adiuvabis
1436 2683 1498 2755 ea,
1525 2681 1617 2754 quae
1634 2681 1713 2727 sum
1729 2657 1880 2727 Iactura.

487 2775 548 2834 tur
564 2763 677 2861 Dii⁸).
1171 2772 1272 2857 Nepl.
1300 2763 1475 2846 Maxime;
1502 2773 1623 2832 tamen
1641 2761 1725 2830 volo
1749 2759 1839 2830 scire
1862 2768 1963 2828 tuam
1989 2763 2118 2835 volun-

116 2867 258 2957 Magno
274 2864 409 2936 eiulatu
425 2867 649 2956 captivarum
658 2864 690 2962 ⁴)
1527 2877 1658 2947 tatem,

115 2969 237 3041 Sonat
266 2967 503 3052 Scamander,
544 2993 637 3064 quae
666 2970 738 3039 iam
769 2968 971 3040 sortiuntur
1005 2971 1067 3038 do·
1122 2990 1126 2998 ’
1168 2969 1226 3038 An
1247 2967 1470 3040 Graecorum
1495 2969 1551 3039 vel
1560 2969 1592 3065 ⁷)
1617 2961 1863 3036 Troianorum
1894 2987 2000 3038 causa
2022 2991 2120 3040 nunc

486 3095 624 3144 minos:
1540 3093 1693 3140 veneris.

80 3175 122 3245 50
144 3173 248 3247 Alias
260 3173 438 3258 Arcades,
464 3175 552 3247 alias
570 3171 733 3246 Thessali
1121 3173 1171 3250 65
1195 3182 1291 3251 Min.
1324 3175 1418 3246 Volo
1451 3169 1652 3246 exhilarare
1680 3169 1883 3258 Troianos,
1924 3173 1988 3268 qui
2018 3173 2118 3268 prius

120 3277 352 3361 Sortiontur,
379 3277 468 3350 alias
483 3281 591 3350 duces
606 3275 892 3350 Atheniensium.
1483 3343 1487 3350 ,
1528 3277 1676 3348 luerunt
1695 3271 1815 3346 hostes
1831 3273 1923 3360 mei,

122 3382 369 3476 Quaecunque
385 3403 472 3451 vero
487 3396 572 3454 sont
588 3395 686 3452 extra
702 3396 838 3454 sortem
858 3383 1046 3462 subtecto,
1171 3383 1216 3452 Et
1247 3380 1418 3452 exercitui
1446 3379 1669 3452 Graecorum
1701 3377 1860 3450 tribuere
1891 3377 2028 3451 tristem
2064 3405 2120 3452 re-

119 3483 211 3558 Istae
227 3485 358 3555 electae
372 3485 493 3581 sunt⁵)
515 3485 738 3578 principibus
1526 3485 1665 3556 ditum.

119 3587 323 3660 Exercitus:
351 3612 433 3658 cum
451 3589 538 3681 ipsis
554 3602 607 3659 est
1171 3595 1271 3679 Nept.
1299 3585 1398 3680 Quid
1411 3585 1460 3656 ita
1478 3587 1655 3660 transsilis
1669 3585 1757 3658 alias
1773 3585 1819 3656 ad
1835 3583 1926 3656 alios
1940 3585 2085 3656 mores?

76 3689 120 3762 55
143 3691 303 3776 Helena,
330 3693 482 3762 adducta
498 3693 637 3785 captiva
655 3691 758 3763 iuste.
784 3717 794 3730 ‘
1171 3691 1291 3762 Odisti
1299 3686 1346 3787 ⁷⁸)
1362 3702 1398 3761 et
1412 3713 1512 3762 amas
1526 3686 1761 3762 vehementer
1778 3686 1933 3759 nimium
1950 3689 2121 3784 quosvis?

118 3795 255 3891 Siquis
272 3793 381 3866 etiam
398 3789 492 3865 hane
506 3795 675 3869 miseram
691 3793 826 3866 intueri
843 3796 937 3878 vult,
1172 3799 1266 3869 Min.
1293 3793 1376 3868 Non
1393 3794 1460 3866 scis
1475 3819 1533 3866 me
1556 3793 1774 3868 contumelia
1797 3791 1963 3862 affectam
1986 3815 2060 3864 esse
2085 3807 2121 3864 et

119 3899 234 3972 Adest
249 3897 415 3982 Hecuba,
440 3899 560 3972 iacens
575 3912 659 3970 ante
674 3912 817 3992 portas,
1530 3923 1652 3971 meum
1670 3893 1871 3992 templum?

119 4003 279 4075 Multum
297 3997 526 4096 lachrymam
540 4017 576 4072 et
590 4027 658 4095 pro
673 4002 806 4074 multis.
1122 4003 1171 4074 70
1197 4007 1298 4092 Nept.
1325 3999 1420 4085 Scio,
1435 4003 1684 4096 quandoAiax
1698 4003 1807 4072 traxit
1818 3999 2056 4071 Cassandram
2071 3999 2119 4072 vi.

119 4105 235 4180 Cuius
248 4105 321 4176 filia
337 4107 383 4176 ad
399 4101 628 4197 sepulchrum
646 4102 796 4176 Achillis
1170 4109 1264 4178 Min.
1292 4102 1340 4172 Et
1357 4099 1448 4192 nihil
1461 4129 1528 4196 pro
1544 4101 1613 4175 hac
1629 4131 1668 4177 re
1682 4130 1807 4197 passus
1823 4115 1892 4186 est,
1924 4124 2042 4194 neque
2055 4125 2118 4173 au-

79 4205 120 4282 10
145 4211 281 4282 Misera
294 4209 476 4303 Polyxena
494 4208 635 4278 fortiter
649 4221 792 4280 mortua
811 4219 874 4278 est.
1529 4207 1621 4276 divit
1643 4232 1662 4276 a
1677 4207 1836 4279 Graecis.

117 4314 237 4386 Periit
250 4325 285 4383 et
295 4312 463 4384 Priamus
478 4325 513 4382 et
526 4311 648 4392 liberi;
674 4325 710 4381 et
728 4335 836 4406 quam
854 4303 1067 4402 virginemQ
1169 4321 1270 4403 Nept.
1294 4308 1408 4403 Atqui
1422 4309 1632 4382 deleverunt
1649 4307 1754 4382 Ilium
1773 4323 1807 4380 te
1824 4307 2029 4378 adiuvante.

118 4415 271 4488 Dimisit
285 4416 480 4509 fugientem
498 4415 736 4488 Cassandram
754 4413 905 4507 Apollo,
1169 4419 1264 4488 Min.
1292 4413 1387 4508 Quia
1403 4425 1486 4484 sont
1500 4413 1655 4506 ingrati,
1681 4415 1766 4485 volo
1785 4437 1846 4484 eos
1867 4425 1901 4480 te
1924 4409 2115 4484 adiuvante

118 4519 215 4592 Earn
233 4544 296 4590 rex
311 4517 498 4612 (omittens
513 4519 683 4613 pietatem
701 4517 787 4614 Dei)
1531 4518 1672 4610 punire.

77 4657 283 4678 --·--
1171 4626 1272 4712 Nept.
1300 4619 1404 4716 Quae
1425 4622 1498 4707 vis,
1531 4621 1597 4690 tihi
1620 4632 1745 4714 parata
1770 4631 1893 4690 sunta
1919 4641 1993 4698 me;
2028 4621 2116 4715 quid

101 4719 133 4788 2)
152 4723 297 4775 Doretens
316 4749 350 4762 -
367 4725 479 4787 tutae]
496 4726 540 4776 ldr
557 4725 585 4776 ln
603 4736 690 4788 marg.
704 4719 788 4774 nette.
811 4717 902 4781 1555,
923 4713 999 4766 1551.
1017 4711 1068 4762 ad·
1529 4723 1663 4795 saepes?

136 4795 405 4926 mitt?
422 4795 583 4860 ‘'⁹¹¹⁰“I*
616 4796 684 4844 ⁸⁸¹²
709 4793 782 4853 “⁰¹³
806 4791 888 4838 ”m
911 4787 971 4836 ω*
1005 4782 1068 4832 '¹¹³⁰
1121 4823 1171 4900 75
1194 4831 1288 4901 nes.
1316 4827 1488 4898 Miserum
1503 4827 1658 4899 reditum
1675 4825 1747 4897 ma
1763 4825 1916 4896 obticere
1934 4824 2028 4896 voro.

102 4945 134 5006 ²)
153 4951 189 5002 ΙΙ.
208 4947 545 5002 elementarem
561 4959 664 5014 netga
685 4945 794 5012 Religio
812 4949 841 4994 ut
857 4941 1016 4992 evanescat.
1169 4935 1270 5021 Napi,
1297 4927 1339 5000 In
1355 4945 1450 5002 [erra
1465 4933 1714 5016 manentibus,
1742 4955 1789 5000 an
1805 4929 1843 4999 in
1861 4925 1980 4998 mari?

102 5031 344 5168 tllcpptp'tvffiee']
361 5028 820 5168 iffmffiifigiuffiffflmmi
838 5029 924 5080 notet.
947 5027 1069 5089 recent.;
1172 5037 1266 5108 Min.
1293 5035 1448 5129 Quando
1465 5036 1687 5128 navigabunt
1697 5035 1868 5116 domum,

104 5189 135 5255 5)
154 5193 264 5244 electae
280 5193 361 5252 sont]
379 5191 421 5242 alo
438 5193 487 5242 Ed.
506 5191 598 5255 1561.;
624 5191 672 5240 tte.
689 5189 766 5242 1558.
784 5189 850 5238 sunt
869 5185 984 5235 electae.
1172 5135 1307 5230 Iupiter
1321 5139 1481 5232 pluviam
1500 5152 1536 5210 el
1550 5140 1732 5234 ⁰⁰PI⁰³³¹¹¹
1750 5131 1961 5230 grandinem

103 5277 138 5338 5)
159 5279 312 5343 virginem]
331 5279 393 5330 hoie
409 5277 473 5328 voct
493 5277 519 5326 ln
538 5289 624 5340 marg.
634 5276 717 5326 notet.
728 5275 815 5339 1558.,
835 5271 910 5322 1561.
929 5269 1071 5332 adscrtpte
1129 5291 1334 5303 ------

140 5349 188 5396 ast
205 5348 365 5400 eunomio:
398 5347 455 5412 „ln
474 5357 575 5411 mero
592 5347 683 5396 scrtoe
701 5341 861 5410 παρθένον,
895 5353 950 5390 non
968 5333 1069 5403 πάροι-

141 5411 229 5468 sw
265 5417 340 5470 ures
357 5417 469 5482 spectu
485 5415 522 5466 aa
538 5413 588 5465 ra.
605 5414 689 5466 ouri.
710 5415 801 5478 rosc,
827 5422 898 5476 quse
915 5411 995 5462 Isset
1012 5403 1070 5458 na·
1155 5387 1186 5454 ⁷)
1206 5389 1267 5452 vt¹]
1284 5387 1336 5440 E⁴¹·
1356 5385 1432 5438 ¹⁵⁵⁰·
1451 5397 1494 5482 3⁰·

143 5483 258 5552 puers,
283 5485 369 5536 nate.
388 5485 493 5536 emant
510 5479 656 5548 παρθένον
672 5483 843 5545 receperunt.
1094 5490 1097 5522 ι
1156 5470 1209 5538 7⁸)
1229 5469 1495 5535 cotemnenda.
1519 5471 1641 5533 recurres
1663 5469 1750 5524 nette.
1765 5469 1858 5534 toea„
1877 5463 1954 5520 1551.
1973 5461 2050 5518 oto.

1413 5536 1498 5610 51·
