4738 6090
58 217 117 294 555
400 223 402 228 ’
527 205 603 280 LV.
655 203 1060 282 INTERPDE‘IATIO
1084 204 1316 280 HECUBAE
1350 205 1605 285 EURIPIDIS.
1645 146 1647 156 ⁴
2023 217 2101 314 §10

57 383 314 468 64οΝ551555,
340 383 386 452 da
404 377 510 452 nobis
523 378 735 476 felicemque
752 382 798 452 ab
811 377 878 450 Ilio
1088 374 1165 454 576
1190 380 1331 452 Ramos
1355 381 1556 454 adferentes
1584 381 1724 475 pineos.
1791 384 1867 480 Qui
1891 413 1983 478 vero
2002 385 2099 462 nibil

94 489 277 574 Iteditum,
306 498 348 558 51
374 507 639 578 consequamur
668 508 795 558 omnes
817 483 857 554 in
878 481 1036 576 patriam
1221 547 1224 552 .
1503 487 1705 574 adferebat,
1749 549 1752 560 ,

445 586 581 658 555155.
1138 585 1196 655 Ab
1212 586 1395 657 adferente
1411 587 1498 656 talia
1517 588 1688 660 audiebat
1709 588 1888 661 convicia:
1982 639 1985 660 .

91 696 245 766 Tantum
276 692 377 786 dirit.
434 687 565 760 Omnis
593 702 714 760 antem
734 688 842 760 simul
867 701 1033 783 precatus
1139 687 1232 776 Stes,
1247 689 1527 781 oignavissime,
1555 693 1602 760 ad
1619 687 1797 762 honorem
1814 687 1921 768 huius
1938 698 2096 789 puellae,

445 803 498 862 est
514 792 700 866 exercitus.
1136 789 1262 888 Neque
1283 805 1417 863 vestem
1442 817 1559 888 neque
1585 808 1754 866 ornatum
1779 794 1818 864 in
1841 799 2006 872 manibus
2030 795 2097 879 bn-

89 899 169 970 Mox
185 922 277 970 auro
293 906 463 966 ornatum
480 919 601 965 ensem
616 895 745 988 capulo
763 893 941 986 accipiens
993 918 997 924 ’
1502 895 1618 968 bens?

86 999 406 1094 Ertraxitvagina;
431 997 550 1070 electis
564 1009 684 1069 autem
693 999 917 1069 Graecorum
933 1020 1034 1067 exer·
1138 993 1223 1068 Non
1254 997 1356 1070 vadis
1389 997 1527 1094 aliquid
1554 1001 1705 1072 daturus
1733 1002 1884 1074 eximiae
1907 1006 2096 1098 praeditae

450 1101 541 1171 citus
718 1129 724 1138 ’
1505 1101 1661 1188 virtute,

50 1205 108 1284 515
133 1204 432 1280 Adulescentibus
464 1203 588 1273 innuit
620 1201 797 1294 virginem
831 1197 1034 1334 apprehen·
1085 1197 1163 1274 580
1186 1199 1444 1275 Etsecuudum
1461 1203 1620 1274 animam
1638 1205 1994 1298 praestantissimae?
2020 1209 2096 1289 Ta·

437 1307 534 1376 dere.
1500 1307 1548 1376 lia
1568 1331 1655 1378 vero
1674 1309 1718 1380 de
1734 1323 1796 1380 155
1814 1312 1982 1384 dicebant

86 1413 156 1508 Ipsa
174 1437 263 1484 vero
279 1421 322 1480 ut
334 1407 456 1492 sensit,
472 1404 569 1479 hunc
582 1405 796 1500 significavit
809 1429 1031 1480 sermonem:
1135 1407 1229 1478 I'ilia
1246 1419 1405 1478 mortua.
1444 1407 1704 1480 Felicissimam
1720 1426 1873 1484 matrem
1891 1417 2092 1488 liberorum

86 1518 248 1588 Omeam
269 1513 333 1608 qui
349 1511 528 1584 excidistis
543 1509 668 1602 Argivi
685 1509 835 1592 urbem,
1441 1528 1451 1550 “·
1499 1525 1644 1582 555515

66 1623 206 1692 'Volens
224 1618 390 1699 morior,
415 1639 462 1684 ne
482 1613 562 1709 quis
578 1613 733 1704 attingat
748 1635 879 1704 corpus
1136 1612 1313 1684 Omnium
1330 1614 1543 1700 mulierum,
1569 1615 1848 1689 infelicissimam
1867 1617 1986 1692 video.

78 1726 209 1798 Meum.
267 1715 942 1794 [1555115155εηί55555155550511510
970 1737 1033 1810 pe·
1139 1717 1240 1792 0155.
1275 1717 1390 1790 Saeva
1424 1721 1603 1812 quaedam
1637 1720 1754 1792 clades
1775 1721 1945 1794 Troianis
1968 1726 2093 1798 incen-

443 1831 554 1890 ctore.
1478 1846 1537 1894 ⁴sa
1556 1833 1628 1906 est,

53 1928 106 2006 550
127 1930 303 2003 Liberam
320 1949 406 1996 5555
423 1947 501 2006 me,
527 1935 568 1994 51
582 1920 696 1992 libera
713 1921 870 2004 moriar,
1137 1921 1354 2018 Patriaeque
1371 1948 1483 1996 meae.
1518 1922 1642 1996 ADns
1658 1948 1899 1998 necessarium
1916 1941 1970 2002 est
1983 1925 2067 2003 hoc

87 2037 143 2106 Per
155 2034 283 2105 Deum
302 2031 547 2124 relinquentes
570 2023 772 2096 interficite.
823 2022 933 2118 Apud
955 2045 1032 2144 ma·
1086 2019 1166 2098 505
1187 2030 1269 2100 Her.
1297 2025 1332 2096 0
1354 2027 1445 2097 filia!
1481 2051 1556 2098 non
1579 2027 1671 2112 scio,
1707 2031 1753 2098 ad
1778 2033 1877 2126 quod
1898 2035 2092 2132 respiciam

443 2154 506 2200 nes
524 2127 619 2199 enim
1501 2132 1683 2200 malorum

94 2237 226 2310 Servant
244 2233 388 2320 vocari,
416 2231 539 2326 regina
558 2257 638 2302 cum
653 2231 742 2314 sim,
768 2229 881 2324 pudet
896 2253 966 2304 me.
1138 2228 1263 2304 Multis
1279 2232 1539 2326 praesentibus.
1591 2232 1683 2306 Cum
1709 2234 1805 2306 enim
1827 2237 2003 2332 attingam
2025 2241 2093 2310 ali-

21 2333 24 2358 '
88 2339 204 2438 Populi
223 2366 314 2412 vero
333 2336 670 2411 admurmurabant.
716 2331 765 2405 Et
778 2333 1032 2427 Agamemnon
1508 2338 1626 2434 quod,

442 2465 506 2512 rex
1038 2504 1040 2509 .
1136 2436 1248 2509 Aliud
1262 2439 1524 2511 nonsiuitme.
1567 2441 1808 2512 Avocatvero
1825 2443 1948 2514 abillo
1965 2471 2092 2521 rursus

87 2543 250 2634 Dicebat,
277 2559 319 2618 ut
332 2540 605 2616 dimitterent
569 2535 746 2633 virginem
763 2537 1016 2612 adolescentes.
1134 2541 1287 2614 Moeror
1302 2543 1382 2638 quis
1401 2542 1505 2628 alius,
1521 2567 1703 2615 successor
1719 2545 1926 2618 malorum
1916 2573 1955 2618 1n
1971 2553 2090 2624 malis.

52 2641 107 2724 555
128 2651 181 2724 Illi
205 2675 298 2722 vero
329 2660 370 2720 ut
390 2645 584 2718 5515551555
604 2643 822 2716 audiverunt
851 2667 1029 2716 summam
1136 2643 1184 2717 Et
1198 2671 1294 2718 nunc
1310 2657 1410 2718 tuam
1426 2647 1573 2744 quidem
1588 2672 1633 2718 ue
1649 2671 1791 2740 gemam
1809 2649 1967 2738 cladem,

441 2775 588 2834 vocem,
1084 2743 1162 2830 590
1188 2748 1296 2822 Haud
1312 2773 1441 2846 queam
1462 2773 1665 2844 expungere
1683 2775 1726 2822 ex
1743 2765 1882 2836 mente;

86 2853 323 2940 Dimiserunt,
349 2853 413 2924 ubi
428 2867 463 2924 et
477 2878 658 2926 summurn
674 2863 752 2922 erat
768 2849 974 2944 imperium.
1135 2853 1214 2924 Hoc
1228 2879 1315 2924 vero
1332 2877 1458 2925 rursus
1473 2853 1577 2924 valde
1595 2853 1768 2974 mitigasti
1781 2859 1948 2928 nuntiata
1966 2855 2058 2930 mihi

88 2957 127 3031 Et
141 2975 338 3056 postquam
353 2957 492 3028 audivit
508 2955 739 3026 dominorum
756 2978 981 3039 sermonem,
1063 2957 1334 3037 Generosa.
1387 2955 1530 3042 ,,Ν55
1518 2957 1629 3057 igitur
1644 2959 1801 3048 mirum,
1834 2961 1866 3034 si
1889 2973 1985 3034 terra
2010 2963 2092 3062 qui-

86 3060 364 3159 apprehendens
381 3073 496 3132 vestes
511 3085 553 3132 er
568 3083 711 3132 summo
727 3053 901 3143 humero,
1371 3099 1376 3112 =
1497 3061 1579 3135 dem
1597 3063 1714 3147 mala,

88 3167 192 3262 llupit
204 3166 302 3237 ile
272 3189 365 3236 circa
381 3164 568 3234 medium
558 3175 655 3234 auxta
674 3160 906 3245 umbilicum,
1135 3161 1280 3248 „Nacta
1303 3165 1440 3236 bonum
1466 3163 1608 3236 coelum
1634 3165 1841 3252 divinitus,
1866 3169 2090 3241 fertilitatem

54 3265 108 3344 500
130 3269 383 3366 Mamillasque
400 3253 574 3352 ostendit,
597 3277 815 3362 pectoraque
833 3263 936 3360 quasi
959 3277 1030 3336 sta·
1496 3269 1584 3348 lert;
2185 3353 2189 3364 Ι

445 3383 528 3442 1555
1134 3368 1270 3454 „Bona
1301 3393 1389 3440 vero
1418 3371 1589 3441 frustrata
1617 3369 1687 3454 eis,
1729 3395 1823 3466 quae
1850 3373 2090 3448 conveniebat

88 3473 350 3560 Pulcherrima,
378 3487 413 3545 et
427 3475 572 3546 flectens
589 3473 635 3542 ad
651 3484 785 3542 terram
801 3495 915 3563 genu,
1500 3471 1691 3568 consequi,

89 3579 179 3654 Dixit
194 3581 358 3652 omnium
376 3575 720 3650 miserabilissimum
737 3599 962 3654 sermonem:
1083 3569 1161 3648 595
1186 3575 1356 3661 „Malum
1379 3577 1528 3668 praebet
1557 3581 1727 3650 fructum.
1794 3577 1891 3652 Inter
1920 3575 2089 3654 homines

89 3683 169 3756 Ecce
183 3681 255 3754 boc
269 3681 299 3756 si
315 3680 459 3778 quidem
476 3693 620 3774 pectus,
653 3704 675 3749 5
700 3679 858 3762 iuvenis,
1119 3685 1127 3696 “
1497 3705 1584 3752 5555
1600 3705 1742 3775 semper

90 3787 201 3862 Ferire
217 3787 337 3879 cupis,
362 3787 487 3866 Ierit0;
520 3783 552 3857 si
564 3807 651 3854 vero
669 3785 735 3859 sub
752 3783 844 3856 collo
1135 3779 1285 3866 „Malus
1299 3777 1392 3852 nihil
1407 3784 1503 3856 aliud
1521 3811 1630 3882 quam
1653 3787 1789 3874 malos,

57 3887 112 3963 505
133 3891 320 3976 Volueris',
347 3889 449 3981 adest
463 3889 583 3959 cervix
598 3899 738 3982 parata.
1135 3883 1291 3970 „Bonus
1307 3899 1427 3957 autem
1442 3889 1578 3971 bonns;
1605 3915 1724 3986 neque
1743 3915 1829 3984 prae
1846 3889 2052 3963 calamitate

94 3993 144 4067 Ille
158 3995 246 4068 ver'o
261 4017 337 4064 non
354 3991 477 4064 volens
494 4005 530 4064 et
547 3991 670 4063 voleus
691 4017 778 4086 prae
801 3991 1029 4066 commisere·
1136 3985 1353 4080 ,1,53551555
1370 3993 1507 4083 perdit;
1535 3996 1597 4063 sed
1613 3994 1732 4066 bonus
1748 4007 1801 4067 est
1815 4019 1967 4086 semper.

440 4095 540 4166 tione
556 4097 696 4188 puellae
1136 4091 1350 4174 „Numnam
1365 4109 1532 4184 parentes
1548 4097 1732 4183 differunt,
1754 4111 1816 4168 551
1831 4097 2088 4170 educationes?

94 4197 183 4275 Secat
198 4205 297 4273 terro
316 4199 463 4293 spiritns
479 4213 630 4270 meatus.
1084 4143 1197 4284 600,
1199 4193 1335 4279 ‚lIabet
1350 4198 1496 4292 quidem
1519 4199 1657 4294 aliquid
1672 4201 1868 4285 momenti,
1893 4187 2086 4274 educatum

94 4301 215 4378 Fontes
231 4329 319 4374 5555
336 4303 508 4375 fluebant.
552 4301 650 4372 llaec
666 4325 752 4372 vero
768 4301 840 4372 iam
859 4301 1029 4387 moriens,
1498 4323 1572 4374 esse
1594 4298 1762 4387 honeste,

437 4419 560 4474 tamen
1136 4399 1378 4486 „Doctrinam
1398 4399 1607 4476 honestatis.
1639 4402 1730 4475 Illud
1747 4431 1834 4476 vero
1853 4407 1883 4478 si
1899 4407 1978 4503 quis
1992 4409 2086 4480 bene

95 4503 252 4602 Magnam
273 4509 540 4606 providentiam
558 4503 705 4592 habuit,
734 4509 901 4578 decenter
918 4521 958 4580 ut
975 4533 1031 4579 ca
1172 4557 1177 4569 ,
1497 4506 1680 4591 didicerit,

443 4613 562 4693 deret,
1135 4607 1279 4692 „Novit
1301 4635 1445 4730 quoque
1468 4623 1595 4703 turpe,
1634 4633 1675 4680 ex
1705 4610 1828 4701 regula
1853 4606 2084 4708 bonosum)

55 4703 117 4786 570
139 4714 182 4789 Et
199 4716 404 4800 occultaret,
421 4739 513 4810 quae
533 4713 711 4786 occultare
729 4711 902 4784 oculos'
868 4737 1030 4784 virorum
1499 4737 1726 4806 cognoscens.

443 4818 623 4889 convenit.
1133 4811 1183 4884 Et
1195 4809 1284 4884 haec
1299 4815 1442 4910 quidem
1459 4841 1560 4888 mens
1579 4818 1750 4886 eiaculata
1765 4825 1818 4884 est
1834 4816 1979 4885 srustra.

95 4915 281 5020 Postquam
298 4947 384 4993 vero
402 4923 521 4994 emisit
535 4921 700 5015 spiritum
721 4917 818 4990 151511
834 4893 876 4987 ex
897 4931 1031 4988 macta-
1134 4917 1193 4988 Tu
1211 4942 1296 4987 vero
1315 4945 1347 4986 v
1339 4921 1424 5004 ·,sde
1451 4933 1487 4989 51
1501 4921 1619 4990 indica
1639 4917 1782 5010 Argivis
1798 4912 1905 5002 haec,

441 5027 559 5110 tione,
1084 5017 1160 5094 605
1185 5022 1241 5094 Ne
1265 5021 1418 5116 attingat
1444 5047 1563 5093 meam
1598 5025 1808 5119 quisquam,
1849 5022 1910 5090 sed
1937 5031 2085 5090 arceant

97 5121 200 5200 Nemo
218 5131 371 5200 eundem
387 5125 543 5200 habebat
556 5127 779 5200 Graecorum
794 5121 979 5204 laborem;
1494 5128 1760 5198 multitudinem

99 5226 158 5300 Sed
172 5234 231 5304 alii
248 5257 373 5304 eorum
388 5247 569 5306 mortuam
584 5257 627 5304 ex
641 5229 808 5304 manibus
1133 5225 1270 5296 Atilia:
1299 5223 1371 5312 „ln
1390 5229 1531 5301 infinito
1549 5231 1644 5301 enim
1663 5225 1820 5300 exercitu

99 5327 287 5409 Ff⁰ndlb⁰⁸
318 5339 618 5430 c⁰n³P²rg²b³nll
668 5333 732 5405 ³¹¹¹
763 5355 851 5402 mo
879 5329 1032 5424 implent
1082 5347 1333 5456 *mul
1351 5395 1392 5445 sto
1411 5391 1459 5460 (=
1478 5389 2081 5460 1551555155λοῦ)110111.555551.;,111.

445 5465 574 5536 pyram
1154 5465 1373 5518 troarnense.

1420 5529 1498 5606 20*
