4844 6122
70 223 116 298 st

76 395 188 465 imum
205 389 325 475 coeli,
363 391 405 460 in
424 389 570 488 reliquis
588 392 729 464 duobus
751 393 1015 490 quadrantibus
1037 393 1089 464 ie·

75 496 184 568 minei
197 507 311 580 suut,
339 506 515 590 tanquam
531 495 781 570 occidentales.

331 707 391 776 De
415 707 556 776 diurnis
578 716 612 777 et
639 709 828 778 nocturnis.

191 839 363 912 Similiter
380 850 417 908 et
435 863 517 909 eum
541 853 745 934 temporum
771 843 843 912 duo
870 840 943 911 sint
966 839 1091 912 discri-

99 945 197 1016 mina
212 943 419 1035 praecipua,
446 942 522 1012 dies
539 957 575 1012 et
590 968 679 1014 nox:
713 945 788 1014 dies
803 945 917 1036 magis
933 946 979 1013 ad
997 969 1091 1014 mas-

110 1047 209 1118 culam
231 1059 401 1116 naturam
435 1047 620 1137 congruit,
667 1048 752 1142 quia
783 1047 902 1116 maior
933 1047 1095 1118 interdiu

108 1151 190 1219 calor
200 1159 268 1234 est,
297 1161 335 1218 et
358 1160 511 1218 naturae
536 1149 581 1218 ad
606 1153 785 1240 agendum
809 1150 967 1222 acriores
988 1164 1091 1230 sunt;

97 1277 159 1323 nor
175 1278 257 1324 vero
283 1253 331 1321 ad
355 1251 571 1336 femineam,
604 1265 755 1345 propter
774 1249 1028 1324 humiditatem
1056 1266 1092 1324 et

92 1355 210 1450 quietis
242 1353 524 1447 appetitionem.
590 1354 760 1428 Tradunt
779 1357 914 1448 igitur,
946 1369 1091 1428 noctur·

94 1483 153 1530 nas
167 1459 288 1529 stellas
304 1483 382 1528 esse
399 1457 541 1528 Limam
561 1471 596 1527 et
610 1457 809 1540 Venerem
839 1461 988 1530 diurnas
1002 1483 1090 1530 vero

95 1563 202 1632 Solem
217 1575 254 1631 et
268 1559 414 1642 Iovem;
449 1561 662 1654 participem
685 1587 772 1632 vero
795 1564 983 1658 utriusque
1005 1585 1091 1632 con-

97 1667 231 1736 ditionis
253 1664 501 1748 Mercurium,
545 1689 626 1734 cum
658 1678 710 1736 est
739 1663 857 1749 Eous,
898 1667 1090 1746 diurnum;

97 1793 271 1839 curavero
289 1769 517 1860 vespertinus
542 1781 615 1851 est,
645 1781 877 1839 nocturnum.
934 1769 1090 1864 Utrique

99 1897 176 1942 vero
187 1871 389 1944 conditioni
405 1871 647 1940 attribuerunt
665 1871 908 1948 maleficorum
924 1873 1091 1954 alterum,

103 1977 204 2045 secuti
216 1999 292 2044 noo
309 1973 580 2045 similitudinem
598 1973 800 2068 qualitatis,
825 1977 886 2045 sed
903 1973 1091 2046 diversita-

104 2091 189 2146 tem.
247 2077 342 2146 llam
359 2103 436 2148 cum
460 2077 571 2148 stellis
593 2078 712 2146 bonae
737 2077 1004 2148 constitutionis
1028 2080 1091 2146 ad-

113 2176 303 2266 iunguntur
315 2178 455 2266 similes,
481 2179 680 2264 bonitatem
699 2203 823 2250 earum
840 2194 993 2272 augent;
1026 2182 1089 2250 sed

118 2278 299 2350 exitialibus
317 2283 494 2354 admixtae
521 2281 728 2366 dissimiles,
768 2281 960 2354 cohercent
989 2283 1091 2353 mali-

109 2381 174 2452 ttae
191 2379 457 2458 vehementiam.
510 2383 594 2455 Ideo
608 2385 828 2474 Saturnum,
856 2387 919 2482 qui
940 2387 1090 2480 frigidus

102 2497 165 2569 est,
196 2488 437 2562 adiunxerant
456 2489 568 2558 calori
592 2489 744 2574 diurno,
781 2504 817 2560 et
841 2491 996 2560 Martem
1024 2491 1091 2563 sic-

102 2611 170 2659 cum
195 2603 399 2663 noeturnae
421 2589 643 2664 humiditati.
706 2591 766 2662 Sic
788 2607 940 2690 uterque
963 2618 984 2662 a
1005 2616 1091 2664 con-

102 2693 196 2764 traria
211 2697 474 2768 constitutione
488 2697 602 2768 iactus
615 2697 860 2783 moderatior,
886 2699 1001 2790 magis
1023 2697 1092 2769 erit

98 2807 318 2891 temperatus.

196 3007 292 3093 Quid
316 3003 454 3074 ualeant
475 3005 603 3076 diuersi
620 3007 753 3096 positos
777 3007 823 3076 ad
848 3007 975 3079 Solem.

184 3141 262 3214 Iam
292 3155 332 3216 et
353 3154 505 3237 propter
524 3143 663 3236 positus
686 3145 733 3215 ad
756 3143 877 3216 Solem
898 3146 1093 3220 intendunt

99 3255 155 3314 aut
167 3247 356 3318 remittunt
372 3270 455 3317 suas
471 3246 564 3322 vires
580 3245 706 3334 Luna,
732 3248 929 3334 Saturnus,
955 3249 1092 3344 Iupiter

92 3359 125 3416 ct
138 3348 246 3424 Mars.
305 3347 415 3420 Luna
431 3349 563 3420 enimn
583 3352 857 3440 coniunctione,
889 3355 1004 3426 donec
1028 3379 1091 3448 ap·

91 3467 186 3544 paret
201 3453 416 3538 dimidiata,
449 3453 563 3546 magis
582 3455 808 3548 estrigatrix.
867 3453 954 3528 Inde
977 3483 1091 3554 usque

94 3555 402 3650 adplenilunium
425 3555 597 3630 calefacit.
663 3560 697 3630 A
719 3559 942 3652 plenilunio,
975 3563 1091 3634 donec

89 3655 216 3730 iterum
232 3659 423 3730 dimidiata
442 3661 612 3754 adparet,
637 3661 801 3734 desiccat.
853 3663 976 3734 Abeo
1001 3679 1091 3736 tem-

89 3785 198 3853 pore,
223 3765 341 3834 donec
357 3763 577 3849 occultatur,
600 3764 788 3856 frigefacit.

190 3865 364 3938 Errantes
380 3891 466 3936 vero
484 3867 626 3952 stellae,
652 3870 767 3938 donee
781 3881 864 3939 sunt
879 3870 1091 3956 matutinae,

87 3995 205 4064 usque
222 3971 269 4039 ad
283 3971 436 4064 primam
455 3971 661 4058 stationem,
684 3971 798 4064 magis
815 3969 1042 4057 humectant;
1069 3999 1090 4044 a

91 4071 217 4164 prima
234 4073 397 4160 statione,
424 4074 539 4143 donec
553 4074 658 4144 initio
676 4077 791 4147 noctis
809 4077 988 4162 oriuntur,
1015 4101 1090 4148 ma·

88 4173 145 4268 gis
163 4173 381 4251 calefaciunt.
416 4177 473 4246 Ab
489 4189 572 4248 ortu
587 4189 706 4248 autem
725 4179 950 4272 vespertino,
977 4205 1090 4277 usque

86 4279 132 4350 ad
149 4281 344 4352 secundam
360 4280 576 4362 stationem,
601 4281 714 4372 magis
730 4281 921 4356 desiccant.
981 4285 1016 4355 A
1036 4311 1092 4356 se-

88 4387 204 4454 cunda
230 4385 407 4466 statione,
441 4409 553 4479 usque
577 4385 623 4453 ad
647 4387 944 4470 occultationem,
977 4388 1091 4482 magis

91 4487 327 4579 lngelaciunl.
402 4485 633 4559 Manifestum
664 4501 716 4559 est
748 4503 889 4574 autem,
931 4489 1026 4562 inter
1054 4517 1091 4563 se

94 4591 301 4663 commixtas
340 4616 510 4683 magnam
549 4591 761 4662 varietatem
796 4593 1010 4688 qualitatum
1053 4595 1090 4664 in

88 4685 152 4764 hoc
170 4697 393 4766 circumfuso
411 4719 492 4766 aere
508 4695 660 4779 efficere,
687 4695 736 4764 ita
753 4707 794 4764 ut
809 4695 955 4790 propria
976 4697 1090 4768 cuius·

83 4797 169 4869 libet
194 4799 323 4871 stellae
349 4798 502 4896 qualitas
527 4797 755 4880 dominatum
796 4799 857 4869 sed
881 4795 1003 4870 tamen
1027 4801 1092 4869 ali-

82 4927 152 4996 qua
171 4915 360 4998 exparte,
385 4914 536 4998 propter
549 4901 706 4996 positum
720 4903 1012 4996 repugnantium,
1034 4929 1092 4973 co-

85 4999 291 5078 herceatur.

285 5223 343 5294 De
367 5221 500 5292 uiribus
525 5221 703 5294 stellarum
725 5219 895 5311 fixarum.

188 5359 383 5458 Sequitur,
408 5372 450 5430 ut
465 5361 650 5447 stellarum
674 5363 825 5434 fixarum
847 5359 1015 5454 proprias
1041 5359 1092 5430 ef·

78 5459 257 5536 testones
271 5485 546 5558 percurramus,
571 5459 813 5560 deprehensas
830 5464 870 5536 in
884 5489 1011 5538 earum
1025 5487 1090 5536 ua·

261 213 408 290 XLVII.
453 213 855 292 INTERPIIE'I'A‘I'IO
882 215 1056 334 OPERIS
1081 211 1472 316 QUADRIPAIITITI
1497 209 1786 290 P'I'OLEMAEI
1819 211 1964 292 LIB.I.

1142 392 1249 464 turis:
1274 415 1364 488 quas
1380 391 1431 462 ita
1448 389 1628 478 recitabo,
1653 403 1695 464 ut
1709 392 1755 462 ad
1769 391 2043 469 similitudinem
2068 397 2149 491 pla·

1141 510 1308 568 netarum
1324 498 1606 570 accommodem.
1657 495 1710 565 Ac
1733 495 1837 566 initio
1859 521 1880 566 a
1903 497 2063 572 Zodiaco
2088 527 2148 572 ur-

1143 601 1296 670 dicmur.

1243 701 1375 772 Stellae
1392 701 1430 771 in
1446 702 1562 794 capite
1578 699 1711 772 Arietis
1729 701 1801 772 rim
1820 699 1957 776 liabent
1980 708 2145 796 mixtam,

1144 831 1186 876 ex
1200 818 1330 876 natura
1346 805 1474 874 Martis
1493 819 1528 876 et
1544 805 1703 876 Saturni.
1762 807 1865 899 Quae
1889 833 1975 880 vero
1998 825 2083 884 sunt
2108 815 2148 888 iu

1144 935 1235 998 ore,
1251 907 1324 978 vim
1350 909 1502 979 similem
1529 903 1664 978 habent
1679 907 1881 994 Mercurio,
1915 923 1951 980 et
1975 914 2148 989 nonnihil

1143 1013 1314 1084 Saturno.
1381 1011 1483 1106 Quae
1513 1035 1600 1080 vero
1632 1023 1715 1082 sunt
1744 1013 1783 1082 in
1812 1017 1902 1108 pede
1933 1021 2146 1110 posteriore,

1143 1129 1227 1188 sunt
1241 1114 1408 1185 Martiae.
1460 1111 1501 1183 ln
1516 1116 1629 1192 ¹cauda
1644 1115 1827 1188 Venereae
1843 1134 1939 1194 sunt.

1246 1217 1319 1288 Ubi
1344 1217 1457 1288 Tauri
1483 1217 1625 1308 signum
1650 1221 1753 1314 quasi
1777 1236 2002 1316 amputatum
2030 1234 2147 1303 cerni·

1144 1335 1220 1406 tur,
1248 1321 1429 1390 Venereae
1445 1335 1548 1404 sunt;
1573 1321 1737 1394 Pleiades
1751 1327 1988 1400 veroLunam
2004 1335 2148 1414 etMar·

1144 1438 1216 1494 tem
1240 1425 1410 1495 referunt.
1468 1423 1511 1494 In
1533 1426 1649 1518 capit'e
1673 1425 1769 1500 inter
1794 1429 1939 1526 Hyadas
1962 1460 2040 1508 una.
2058 1441 2152 1519 luci-¹

1144 1528 1225 1598 dior
1242 1541 1276 1597 et
1289 1527 1462 1611 rutilans,
1490 1553 1582 1624 quae
1600 1529 1714 1600 facula
1732 1531 1882 1622 dicitur,
1906 1535 2038 1614 tllartia
2056 1559 2120 1618 est.

1246 1631 1485 1702 Geminorum
1502 1633 1644 1724 signum
1662 1631 1700 1702 in
1719 1637 1869 1724 pedibus
1893 1641 2012 1714 stellas
2036 1642 2150 1720 habet

1143 1733 1270 1806 similis
1296 1747 1471 1820 naturae,
1518 1749 1756 1827 congruentes
1787 1763 1869 1812 cum
1900 1742 2083 1822 Mercurio
2110 1766 2148 1824 et

1143 1833 1312 1906 nonnihil
1338 1861 1419 1908 cum
1441 1837 1596 1910 Venere.
1663 1837 1732 1910 Sed
1761 1839 1901 1914 lucidae
1933 1847 1971 1917 in
1993 1853 2149 1944 femore,

1143 1941 1359 2011 Saturninae
1374 1953 1469 2012 sunt.
1521 1939 1562 2010 In
1576 1941 1752 2034 capitibus
1766 1945 1858 2020 duae
1876 1950 2029 2040 lucidae,
2056 1985 2146 2054 qua.

1143 2068 1223 2113 rum
1243 2044 1354 2113 altera
1379 2045 1594 2138 praecedens
1610 2045 1831 2120 Mercurium
1857 2055 1984 2141 refert,
2021 2072 2057 2130 et
2079 2088 2145 2134 uo·

1144 2147 1304 2216 minatur
1324 2145 1474 2240 Apollo;
1516 2147 1628 2220 altera
1663 2174 1817 2248 sequens
1838 2155 1972 2228 Martia
1998 2176 2069 2248 est,
2110 2181 2146 2240 et

1143 2249 1489 2323 vocaturllercules.
1601 2321 1603 2328 .

1245 2351 1286 2423 In
1304 2353 1435 2425 Cancri
1456 2353 1568 2436 oculis
1591 2354 1714 2424 stellae
1737 2359 1829 2428 duae
1852 2379 1957 2450 sunt,
1989 2370 2147 2446 similem

1143 2453 1308 2528 effectum
1328 2452 1521 2544 habentes,
1557 2472 1793 2550 congruentes
1814 2462 1996 2540 Mercurio
2022 2487 2057 2543 et
2082 2478 2146 2547 ali-

1144 2562 1358 2655 quantulum
1378 2561 1501 2632 Marti.
1554 2557 1593 2630 In
1611 2557 1767 2634 brachiis
1783 2564 1977 2642 Saturnum
1997 2589 2032 2644 et
2048 2577 2145 2650 Mer-

1143 2665 1283 2734 curium
1303 2667 1475 2736 reierunt.
1526 2662 1589 2734 Ille
1611 2667 1757 2736 veroin
1782 2683 1926 2760 pectore
1950 2701 2058 2769 gyrus
2083 2709 2145 2754 ne-

1142 2767 1309 2854 bulosus,
1337 2781 1488 2838 vocatur
1505 2768 1705 2862 Praesepe,
1736 2769 1890 2847 Martius
1915 2791 1951 2848 et
1971 2779 2149 2862 Lunaris:

1144 2870 1242 2942 iuxta
1259 2896 1365 2968 quem
1379 2871 1552 2968 utrinque
1568 2872 1691 2966 positi,
1715 2882 2021 2970 vocanturAsini,
2047 2887 2146 2962 Mar.

1145 2975 1185 3046 tii
1201 2990 1286 3048 sunt
1306 2989 1342 3046 et
1357 2976 1512 3048 Solares.

1246 3078 1288 3149 ln
1310 3077 1444 3151 Leonis
1468 3077 1585 3174 capite
1608 3079 1701 3150 duae
1725 3079 1943 3160 Saturninae
1966 3107 2071 3182 sunt,
2110 3109 2148 3168 et

1144 3177 1313 3252 nonnihil
1330 3183 1496 3254 Martiae.
1554 3181 1596 3252 In
1619 3185 1756 3256 cervice
1780 3198 1850 3262 tres
1872 3191 2069 3270 Saturnum
2089 3223 2147 3270 re·

1143 3289 1280 3371 ierunt,
1319 3299 1355 3356 et
1381 3281 1552 3356 nonnihil
1580 3286 1814 3362 Mercurium.
1881 3293 1929 3366 At
1960 3297 2078 3372 lucida
2106 3303 2147 3374 in

1144 3392 1273 3475 corde,
1306 3413 1400 3486 quae
1422 3404 1576 3462 vocatur
1590 3387 1767 3484 Regulus,
1793 3395 1949 3472 Martem
1974 3399 2146 3478 etlovem

1143 3495 1265 3565 relect.
1318 3493 1521 3589 Quaerunt
1536 3496 1574 3566 in
1589 3496 1652 3568 ilio
1666 3510 1701 3566 et
1716 3521 1788 3568 una
1804 3500 1842 3569 in
1858 3507 1970 3576 cauda
1980 3505 2012 3604 ⁸)
2028 3511 2147 3603 splen.

1144 3599 1250 3682 dida,
1283 3597 1502 3670 Saturninae
1531 3613 1616 3670 sunt
1645 3611 1681 3670 et
1705 3599 1900 3678 Venereae.
1970 3609 2074 3684 Aliae
2108 3615 2147 3688 in

1143 3702 1340 3776 lemuribus
1363 3701 1542 3773 Venerem
1576 3715 1612 3774 et
1639 3701 1808 3777 nonnihil
1838 3708 2059 3786 Mercurium
2090 3742 2146 3788 re-

1142 3807 1276 3878 lerunt.

1246 3909 1376 3980 Stellae
1393 3909 1431 3979 in
1446 3909 1607 4001 Virginis
1621 3911 1759 4004 capite,
1787 3927 1822 3985 et
1836 3941 1908 3987 una
1923 3943 2031 4012 supra
2050 3919 2145 3993 alam

1144 4013 1357 4096 australem,
1384 4015 1548 4084 referunt
1568 4015 1787 4088 Mercurium
1816 4033 1851 4089 et
1865 4019 2033 4093 nonnihil
2047 4025 2146 4096 Mar-

1143 4129 1228 4187 tem.
1281 4116 1458 4213 Reliquae
1474 4117 1511 4188 in
1528 4117 1583 4188 ala
1607 4119 1701 4190 etin
1724 4121 1868 4214 cingulo
1890 4125 2031 4198 lucidae
2048 4129 2145 4201 Mer·

1143 4219 1283 4292 curium
1309 4234 1345 4291 et
1364 4217 1533 4290 nonnihil
1557 4219 1735 4293 Venerem
1766 4228 1939 4300 referunt.
2005 4229 2144 4304 Lucida

1143 4347 1230 4393 vero
1259 4323 1299 4394 in
1335 4325 1392 4394 ala
1422 4323 1580 4410 boreali,
1614 4351 1708 4420 quae
1730 4341 1881 4401 vocatur
1902 4331 2144 4423 Vindemitor,

1143 4426 1341 4498 Saturnum
1356 4441 1392 4498 et
1406 4427 1627 4500 Mercurium
1645 4432 1765 4502 refert.
1817 4434 1921 4525 Spica
1937 4451 2057 4510 autem
2072 4439 2145 4510 Ve-

1143 4553 1251 4600 nerea
1269 4543 1304 4600 et
1319 4531 1583 4625 aliquantulum
1595 4533 1725 4603 Martia
1746 4549 1809 4607 est.
1851 4537 1955 4610 Aliae
1973 4543 2011 4612 In
2029 4556 2145 4614 extre-

1143 4633 1212 4705 mis
1235 4633 1385 4726 pedibus
1410 4647 1446 4704 et
1466 4635 1607 4704 fimbria
1637 4639 1767 4724 vestis,
1809 4639 1993 4716 Venereae
2018 4659 2054 4716 et
2078 4647 2144 4716 ali-¹

1144 4737 1358 4833 quantulum
1373 4735 1528 4807 Martiae
1543 4751 1640 4812 sunt.
2020 4795 2024 4811 .
2136 4758 2140 4773 '

1245 4837 1288 4909 ln
1303 4835 1431 4922 chelis,
1456 4863 1520 4912 seu
1545 4840 1650 4932 iugo,
1685 4843 1830 4917 effectus
1850 4839 1986 4918 habent
2007 4849 2142 4924 similes¹

1143 4941 1221 5014 Iovi
1237 4955 1273 5014 et
1287 4940 1483 5014 Mercurio.
1536 4943 1678 5016 Mediae
1692 4947 1911 5022 Saturninae
1924 4963 1962 5022 et
1977 4952 2143 5048 aliquan·

1143 5047 1257 5118 tulum
1275 5045 1430 5116 Martiae
1445 5058 1540 5119 sunt.

1159 5139 1163 5148 ’
1243 5147 1286 5220 In
1305 5147 1384 5242 ipso
1405 5147 1556 5243 Scorpio
1578 5151 1717 5222 lucidae
1740 5152 1778 5224 in
1804 5155 1924 5226 fronte
1944 5169 2029 5228 sunt
2042 5157 2142 5228 Man·

1143 5251 1214 5322 tiae
1241 5266 1277 5324 et
1297 5253 1559 5347 aliquantulum
1581 5255 1811 5330 Saturninae.
1880 5261 1971 5332 'I'res
1993 5285 2080 5331 vero
2102 5261 2142 5332 iu

1177 5423 1209 5484 8)
1227 5417 1374 5482 ωυάψΙο
1391 5415 1553 5481 scripsimus
1571 5421 1695 5476 :etot
1713 5419 1760 5486 nic
1778 5415 1880 5492 aipein
1911 5425 1963 5482 rt.
1984 5423 2061 5481 155³.
2089 5437 2140 5478 st·-

1211 5501 1278 5542 rurs
1294 5493 1425 5558 tmere
1452 5499 1547 5546 osum
