4692 6092
53 275 108 358 455
404 265 513 343 LVII.
562 265 965 344 INTERPRE'I'A'PIO
987 265 1367 367 PHOENISSARUM
1391 262 1646 340 EURIPIDIS.
1974 261 2053 338 400

49 451 105 526 220
129 445 281 540 Spirante
300 443 391 514 flatu
415 437 576 537 Zephyri
598 443 637 512 in
664 443 764 514 coelo
934 477 937 484 ⁴
1052 441 1129 517 270
1157 443 1315 535 Propter
1346 443 1446 536 quod
1475 439 1583 509 etiam
1611 454 1753 526 metuo,
1794 463 1841 512 ne
1864 435 1922 514 me
1950 441 2050 511 intra

328 541 679 646 [aetianam]
1465 544 1558 612 retia

84 653 245 744 Optimum
269 651 475 722 stridorem.
501 645 529 730 †
557 649 680 722 Electa
710 674 753 720 er
778 649 868 719 urhe
891 669 973 718 mea
1105 645 1349 739 Accipientes,
1367 670 1442 716 non
1456 646 1642 715 dimittant
1656 647 1733 717 sine
1751 651 1857 720 caede
1873 656 2051 748 corporis.

85 755 124 828 Ut
143 777 246 830 essem
267 755 405 824 donum
431 751 616 844 Apollini,
639 755 721 824 veni
745 754 785 822 in
803 751 999 822 Cadmeam
1106 749 1339 842 Quapropter
1361 750 1637 820 circurnserendi
1659 763 1743 820 sunt
1766 753 1927 852 undique
1952 759 2048 832 oculi
2092 767 2101 780 '

209 845 213 852 ’
421 865 555 924 terram
1104 851 1185 922 Huc
1209 866 1245 923 et
1266 854 1370 937 illuc,
1395 877 1441 922 ne
1465 853 1546 948 quis
1569 853 1615 923 sit
1638 854 1755 925 dolus.

46 963 99 1043 225
122 963 332 1060 inclytorum
355 957 555 1030 liberorum
577 959 776 1051 Agenoris,
800 956 907 1028 missa
929 949 1000 1024 huc
1104 957 1276 1028 Armatus
1304 981 1452 1026 manum
1476 951 1544 1025 hoc
1567 980 1663 1039 ense,

413 1061 461 1130 ad
483 1075 653 1153 cognatas
673 1059 754 1130 Laii
1052 1056 1130 1134 275
1152 1058 1337 1144 Efficiam,
1360 1071 1402 1130 ut
1423 1071 1499 1130 tuta
1530 1057 1577 1129 sit
1599 1054 1690 1128 mihi
1711 1060 1847 1130 fiducia'
1866 1065 2052 1144 audaciae.

79 1167 215 1252 Turres,
238 1189 331 1262 quae
346 1175 432 1235 sunt
446 1163 538 1237 sicut
553 1175 693 1236 statuae
710 1189 753 1236 ex
767 1185 857 1234 auro
871 1163 999 1234 iactae.
1104 1161 1202 1233 Heus
1216 1164 1304 1256 quid
1320 1163 1410 1233 istuc
1425 1159 1502 1234 est?
1525 1185 1573 1230 an
1589 1187 1676 1232 vero
1693 1163 1882 1254 strepitum
1903 1173 2051 1244 metuo?

78 1271 149 1340 Sum
169 1295 268 1342 serva
294 1266 486 1360 Apollinis.
1107 1265 1273 1352 „Omnia
1299 1267 1395 1337 enim
1414 1265 1629 1336 audentibus
1652 1267 1851 1356 periculosa
1868 1270 2050 1362 videntur,

44 1373 97 1446 110
116 1374 297 1446 Praeterea
325 1381 489 1462 expectat
512 1393 571 1440 me
595 1393 688 1465 aqua
708 1371 856 1443 Castalii
877 1369 999 1454 sontis,
1106 1368 1298 1463 „Quando
1320 1395 1386 1462 per
1409 1363 1575 1439 hostilem
1600 1369 1773 1440 incedunt
1795 1376 1999 1478 terram⁸¹).

79 1475 117 1546 Ut
136 1477 224 1570 riget
246 1499 345 1546 meas
364 1495 507 1556 comas,
534 1473 680 1546 delicias
701 1474 897 1567 virginum,
1106 1471 1270 1544 Confisus
1293 1497 1373 1547 sum
1395 1471 1523 1556 matri,
1543 1471 1734 1566 (ettamen
1748 1499 1823 1544 non
1839 1477 1948 1568 plane
1965 1507 2052 1554 ton·

410 1579 592 1666 Bpodos.
1464 1576 1556 1670 fido)

73 1677 104 1749 ln
124 1679 294 1754 sacrificio
309 1572 508 1760 Pholum
533 1571 771 1772 Osialendens
787 1691 888 1774 petra
908 1677 1001 1771 ignis
1052 1679 1130 1755 200
1152 1677 1256 1774 Quae
1277 1677 1367 1752 mibi
1392 1679 1589 1774 persuasit,
1617 1691 1658 1749 ut
1676 1679 1778 1751 factis
1803 1679 1957 1759 induciis
1979 1683 2051 1764 hue

40 1779 94 1858 155
110 1783 258 1856 Lumine
282 1785 438 1854 duorum
462 1782 657 1864 verticum,
679 1807 787 1876 supra
812 1805 984 1856 cacumen
1465 1782 1639 1852 venirem.
2066 1793 2069 1802 ’

74 1884 208 1970 Bacchi;
233 1900 270 1957 et
294 1899 353 1970 tu,
377 1910 400 1954 o
425 1882 508 1956 vitis
530 1881 676 1969 Bacchi,
1105 1885 1176 1956 Sed
1200 1907 1315 1978 prope
1331 1897 1383 1956 est
1399 1887 1590 1965 auxilium;
1615 1883 1686 1954 soci
1709 1885 1805 1955 enim
1830 1888 1999 1966 altarium

75 1991 164 2082 Quae
187 1991 328 2085 profers
350 1986 604 2084 qarotidianum
630 2001 771 2082 potum,
1103 1989 1225 2083 Prope
1252 1991 1402 2074 adsunt,
1429 2003 1464 2060 et
1483 2015 1558 2059 non
1581 1991 1743 2059 desertae
1769 1992 1911 2066 domus.

73 2093 223 2184 agrestes
248 2093 416 2162 amittens
436 2091 581 2175 botros,
605 2115 627 2162 o
648 2092 769 2162 divina
796 2103 900 2162 antra
917 2093 1000 2162 dra·
1104 2095 1181 2185 Age
1206 2093 1386 2164 dimittam
1409 2093 1567 2186 gladium
1594 2091 1631 2161 in
1657 2093 1846 2164 obscuram
1868 2099 2052 2192 vaginam,

423 2193 535 2277 conis,
1104 2196 1153 2268 Et
1174 2191 1240 2268 has
1264 2197 1515 2290 interrogabo,
1541 2221 1635 2292 quae
1659 2198 1803 2269 adstant
1824 2201 1984 2292 aedibus,

37 2294 92 2369 tto
125 2299 170 2372 Et
212 2321 278 2370 vos
310 2309 507 2368 montanae
544 2296 708 2387 speculae
741 2295 925 2384 Deorum,
966 2312 1004 2370 et
1054 2297 1132 2378 285
1164 2292 1382 2394 Peregrinae
1412 2301 1592 2374 mulieres.
1645 2299 1783 2387 Dicite,
1817 2329 1975 2398 quanam
2007 2337 2052 2385 ex

420 2397 671 2495 mmmmm)
1467 2405 1586 2497 patria

72 2503 297 2578 circumdans
319 2527 460 2574 sacrum
484 2513 645 2572 montem
668 2503 887 2574 immortalis
904 2501 1002 2575 Deae
1105 2507 1286 2598 Acceditis
1312 2511 1358 2580 ad
1384 2508 1541 2580 Graecas
1564 2507 1719 2579 domos?
1780 2503 1784 2510 ’

69 2603 216 2694 Chorus,
241 2609 381 2678 utinam
398 2607 482 2676 fiam
498 2606 575 2678 sine
591 2617 690 2676 metu
705 2605 743 2676 in
758 2607 834 2680 istis
851 2607 1003 2682 vallibus
1109 2614 1208 2687 ctor.
1233 2612 1349 2683 Terra
1368 2609 1567 2684 Phoenissa
1591 2611 1710 2704 patria
1734 2611 1824 2684 aluit
1846 2639 1921 2697 me;

32 2703 90 2780 115
110 2707 272 2796 Phoebi,
298 2711 506 2803 relinquens
527 2707 679 2778 Dircen!
1107 2715 1286 2808 Agenoris
1307 2727 1458 2810 nepotes
1482 2741 1525 2786 ex
1546 2715 1671 2807 spoliis

393 2813 626 2905 [Siropltn]
1109 2820 1288 2893 Miserunt
1310 2847 1369 2892 me
1390 2817 1462 2894 huc
1482 2815 1632 2891 Phoebo
1657 2821 1890 2906 donarium.

66 2912 161 2988 Nune
185 2929 272 2988 ante
295 2920 440 2986 moenia
462 2917 610 2988 veniens
634 2913 734 2986 Mars
755 2912 956 3006 bellicosus,
1054 2921 1133 3000 290
1174 2924 1338 3022 Cumque
1366 2935 1457 2998 esset
1495 2949 1553 2994 me
1586 2923 1760 2996 missurus
1792 2923 1926 3022 Oedipi
1960 2933 2055 3008 filius

67 3013 220 3094 Incendit
242 3015 411 3091 hostilem
429 3019 662 3111 sanguinem,
684 3021 781 3114 quod
797 3019 938 3092 utinam
957 3045 1003 3092 ne
1471 3027 1626 3122 inclytus

422 3123 561 3192 aecidat
582 3121 683 3202 urbi;
1105 3130 1163 3202 Ad
1184 3133 1432 3202 venerandum
1456 3131 1642 3202 oraculum
1660 3131 1859 3224 Apollinis,
1886 3149 1922 3206 et
1942 3161 2054 3231 pene-

27 3213 88 3292 250
109 3223 356 3309 „Communes
372 3224 562 3296 enimsunt
579 3223 778 3296 amicorum
792 3225 1003 3323 doloresss).
1471 3235 1590 3318 traliu,

66 3324 263 3402 Commune
278 3343 350 3415 est,
366 3327 396 3401 si
415 3329 502 3424 quid
521 3327 657 3420 patitur
672 3328 740 3400 ista
756 3341 853 3400 terra
865 3342 1002 3422 septem
1108 3334 1247 3408 Iuterea
1264 3336 1393 3432 Argivi
1417 3340 1600 3411 duxemnt
1621 3337 1815 3434 exercitum
1840 3341 1886 3412 ad
1914 3344 2055 3422 urbem.

424 3431 594 3514 turrium,
1108 3441 1169 3512 Tu
1183 3465 1271 3512 vero
1287 3444 1465 3536 responde
1482 3439 1585 3528 mihi,
1601 3442 1767 3536 quisnam
1785 3443 1846 3530 sis,
1862 3446 1926 3542 qui
1940 3451 2043 3526 venis

65 3529 215 3626 Regioni
231 3527 465 3608 Phoenissae.
512 3530 616 3605 Eheu
637 3547 690 3606 est
705 3535 1004 3610 communissan-
1108 3545 1166 3615 Ad
1188 3541 1334 3618 Thebas
1359 3547 1485 3618 urbem
1509 3559 1646 3642 septem
1671 3546 1839 3619 turrium.

422 3637 521 3730 guis,
545 3661 755 3710 communes
774 3639 880 3712 liberi
1056 3643 1135 3726 295
1157 3651 1231 3722 Ρ51.
1255 3649 1366 3720 Ρ5155
1390 3647 1481 3721 mihi
1503 3665 1556 3724 est
1576 3649 1759 3743 Oedipus,
1781 3647 1865 3724 Laii
1884 3655 1991 3745 filius,

25 3729 86 3808 255
108 3739 296 3815 Cornutae
318 3733 396 3814 Iris:
421 3740 552 3836 quibus
575 3765 641 3832 ego
1108 3752 1259 3846 Peperit
1278 3778 1337 3824 me
1361 3750 1517 3840 Iocaste,
1538 3755 1610 3826 filia
1633 3753 1832 3840 Menoetei,

339 3840 680 3945 [datistroplse]
919 3933 924 3936 .
1108 3855 1226 3926 Vocat
1251 3882 1309 3927 me
1331 3857 1541 3954 Polynicem
1565 3855 1762 3931 Thebanus
1783 3859 1951 3952 populus.

63 3945 328 4020 Aerumnarum
359 3949 538 4042 particeps
566 3975 659 4022 sum.
689 3946 717 4034 †
746 3948 855 4044 Apud
876 3949 1004 4020 urbem
1112 3961 1212 4033 clar.
1236 3959 1272 4031 0
1291 3963 1459 4054 cognatio
1484 3963 1641 4034 filiorum
1656 3963 1846 4054 Agenoris,

427 4053 541 4124 nubes
569 4053 779 4146 clypeorum
889 4123 894 4132 ,
1109 4062 1278 4134 Meorum
1303 4064 1556 4150 dominorum,
1575 4091 1595 4136 a
1617 4067 1747 4162 quibus
1770 4065 1991 4140 missarum.

62 4146 177 4226 Densa
200 4155 382 4246 fulgurat,
405 4156 539 4248 species
566 4169 734 4228 cruentae
757 4179 912 4250 pugnae,
1059 4165 1135 4240 300
1158 4165 1365 4238 Procumbo
1390 4170 1436 4238 ad
1458 4193 1574 4260 genua

21 4251 84 4324 260
108 4256 232 4350 Quam
258 4257 357 4328 Mars
382 4283 468 4330 mor
490 4259 628 4328 adseret
649 4260 732 4333 filiis
749 4259 894 4354 Oedipi,
1110 4269 1216 4354 Tibi,
1242 4295 1265 4340 o
1286 4293 1369 4354 rex,
1396 4272 1516 4342 colens
1537 4271 1651 4363 legem
1673 4269 1845 4364 patriam.

62 4353 194 4433 Fereos
220 4385 354 4432 noram
383 4364 429 4432 ab
451 4360 673 4455 Erinuybus.
1110 4371 1251 4446 Venisti
1271 4375 1417 4444 tandem
1431 4387 1514 4468 post
1537 4375 1686 4466 longum
1704 4389 1846 4471 tempus
1863 4373 1903 4446 in
1918 4385 2054 4452 terram

63 4457 95 4530 0
115 4465 238 4558 Argos
258 4463 459 4547 Graecum,
484 4477 608 4534 metuo
711 4525 718 4550 ,
1473 4478 1641 4572 patrium.

64 4561 183 4638 Tuum
211 4568 344 4654 robur,
365 4580 401 4640 et
422 4567 479 4650 id,
503 4567 602 4661 quod
624 4562 797 4636 divinitus
818 4563 959 4636 accidil.
1111 4575 1209 4651 Heus
1238 4573 1329 4652 heus
1367 4583 1573 4652 veneranda
1605 4592 1743 4666 mater,
1786 4580 1911 4654 venias
1953 4595 2054 4657 extra

22 4661 87 4736 265
108 4669 195 4742 Non
221 4671 319 4742 enim
342 4674 389 4744 ad
409 4671 583 4742 iniustum
606 4679 790 4738 certamen
812 4681 973 4738 armatus
1474 4687 1599 4770 aedes,
1621 4683 1723 4776 aperi
1745 4685 1886 4777 portas!

64 4769 171 4844 Venit
194 4774 356 4860 iuvenis,
380 4775 444 4870 qui
466 4775 512 4846 ad
536 4770 629 4844 hanc
650 4772 800 4842 domum
824 4771 972 4841 accedit.
1060 4782 1139 4859 305
1172 4785 1269 4860 Num
1310 4787 1413 4860 audi,
1448 4785 1563 4874 hunc,
1603 4813 1710 4886 quem
1743 4789 1940 4884 peperisti?
1966 4790 2056 4887 quid

24 4879 295 4988 [Polynicen
331 4897 517 4981 Chorus,
547 4897 736 4978 locuste,
774 4887 1006 5000 Eteoclea]
1473 4893 1652 4964 cunctaris

68 4997 138 5070 Pol.
163 4999 331 5071 Claustra
355 4997 552 5070 ianitorum
578 5021 643 5067 me·
660 5007 874 5088 receperunt
1112 4989 1245 5083 Egredi
1271 4993 1390 5064 aulam
1416 4996 1611 5082 excelsam,
1637 5007 1673 5066 et
1695 4993 1884 5088 complecti
1906 4991 2053 5069 brachio

67 5095 207 5186 Facile,
232 5113 273 5172 ut
294 5101 454 5173 venirem
476 5105 516 5172 in
537 5101 677 5185 urbem,
1321 5173 1326 5180 ,
1477 5098 1568 5170 filii?
1774 5093 1777 5102 ’

27 5254 227 5276 --..,...
1113 5198 1236 5268 lusu.
1263 5195 1475 5292 Opuellae,
1501 5227 1625 5273 vocem
1649 5195 1885 5272 Phoenissam
1906 5199 2001 5272 intra

56 5335 119 5406 85)
144 5335 289 5406 51555515]
317 5339 359 5389 515
385 5341 434 5398 (=
459 5337 552 5401 Bortp.
581 5331 748 5404 νιφόβολον)
776 5333 863 5390 rotet.
889 5333 1012 5396 ressone

57 5406 573 5542 ltIdAldblwnlIr'tllldnltth,
592 5473 667 5526 1555.
686 5473 716 5524 15
745 5483 833 5538 nug.
856 5469 1013 5538 moneta
1096 5461 1235 5532 8)11.1.
1259 5461 1287 5514 15
1306 5463 1391 5520 Mill.
1411 5465 1502 5530 ¹5⁵8„
1531 5465 1607 5518 1555.
1631 5467 1699 5518 nott
1720 5463 1854 5532 1555155
1881 5463 1963 5520 nortl
1986 5461 2056 5520 ΙΙΙ

91 5549 134 5598 u
149 5549 346 5612 proruunt:
363 5546 521 5598 ulum
534 5545 628 5596 5151115
643 5543 807 5598 comit.
1133 5533 1244 5584 videtur
1262 5535 1395 5680 triuio
1413 5597 1435 5639 ι
