4768 6100
337 207 433 280 1071
915 188 1039 314 rats.
1077 188 1190 263 uas.
1221 187 1424 262 scauri
1456 183 1794 277 ruinosooics.
1988 256 1993 267 ,
2034 224 2039 265 .
2240 216 2311 294 aas

387 385 465 450 Am.
493 371 528 443 Ο
544 370 636 452 filia,
661 389 737 439 non
754 362 857 436 facile
871 375 928 438 est
944 362 1029 464 talia
1145 444 1149 458 ,
1352 423 1356 444 ,
1431 359 1600 434 Pulcrum
1615 377 1806 460 postquam
1820 367 1906 452 feei,
1924 370 2144 456 missussusn
2153 377 2312 469 lugubrium

386 477 585 550 Sollicitum
601 471 678 544 sine
696 469 822 538 labore
836 465 992 556 segniter
1008 465 1206 536 consulere.
1353 445 1357 568 ξ
1382 463 1457 538 110
1482 463 1692 538 Garminum
1707 481 1891 554 cantator,
1914 485 1955 544 ut
1969 497 2058 546 cane
2069 477 2155 550 ιιιίε.Ι
2182 495 2186 509 ’

336 585 385 654 90
411 585 503 671 Mep.
527 575 623 670 Quid
640 569 805 644 tristitiae
822 569 888 638 tibi
907 567 1029 642 deest?
1054 592 1117 640 cur
1133 591 1233 640 amas
1249 581 1327 664 tap·
1352 573 1357 658 i
1431 565 1549 636 Verba
1564 581 1706 641 tantum
1721 583 1756 640 et
1769 573 1904 666 species
1919 589 2095 648 nocturna

750 687 873 766 topere
892 669 1033 742 lucem?
1353 663 1356 674 ‘
1430 669 1662 746 Somniorum
1675 687 1950 762 nocturnorum,
2066 719 2089 750 ,ι
2112 715 2138 731 ··
2194 715 2215 747 μ
2272 707 2276 727 ·

386 794 464 860 Am.
489 783 565 874 Ego
583 804 667 850 vero
687 791 722 848 et
736 773 905 868 laetor¹⁹)
920 800 987 870 ea,
1009 787 1044 846 et
1060 799 1160 867 spem
1180 797 1275 846 amo.
1431 771 1603 846 Tremula
1618 788 1779 862 mutum„
1798 782 1861 854 sed
1877 793 1997 856 museo
2010 797 2264 876 prouqstesum,

384 893 478 980 Meq.
503 885 647 976 Etego;
671 881 823 954 sednon
840 890 985 972 oportet
998 901 1143 972 sperare
1156 899 1232 972 non
1246 901 1328 974 spe·
1430 873 1600 962 Oliberi,
1621 879 1726 953 liberi
1743 895 1843 972 patre
2053 930 2057 945 ·
2101 919 2142 956 a.

745 984 871 1054 randa.
1382 973 1453 1048 115
1477 977 1665 1068 Carentes,
1689 1007 1711 1052 o
1728 1007 1847 1068 senes,

387 1101 465 1169 Am.
488 1091 527 1164 lu
545 1093 620 1183 ipsa
638 1089 816 1158 malorum
833 1107 935 1152 mora
952 1083 1076 1154 insunt
1091 1082 1259 1155 remedia.
1428 1079 1576 1174 Tuque,
1596 1098 1713 1154 mater
1727 1087 1868 1172 infelix,
1892 1115 1985 1184 quae

386 1202 478 1288 Mep.
504 1196 551 1263 At
565 1207 705 1282 tempus
721 1187 945 1258 interiectum
964 1188 1063 1256 triste
1079 1189 1222 1254 mordet
1237 1209 1306 1255 me.
1429 1181 1621 1270 Maritum,
1644 1188 1705 1281 qui
1722 1202 1775 1262 cst
1790 1190 1830 1262 in
1846 1193 1956 1262 domo
1971 1191 2149 1276 Plutonis,

334 1299 386 1375 95
418 1306 496 1374 Am.
517 1295 686 1377 Utinam,
703 1291 797 1374 filia,
815 1287 999 1380 contingat
1014 1291 1189 1361 secundus
1204 1309 1326 1374 cursus
1429 1285 1563 1359 Gemis.
2198 1354 2201 1364 ,

384 1403 438 1474 Ex
453 1397 698 1494 praesentibus
715 1393 821 1464 malis
836 1388 925 1462 mibi
943 1403 978 1460 et
991 1391 1068 1472 tibi,
1428 1387 1481 1458 Ne
1499 1390 1698 1481 defatigetis
1712 1395 1839 1483 pedem
1855 1408 1891 1467 et
1906 1395 2003 1472 lenta
2021 1397 2191 1479 membra,

387 1509 439 1577 Ac
456 1505 577 1572 veniat
592 1499 788 1594 aliquando
802 1495 895 1567 filius
914 1517 1032 1578 meus,
1051 1505 1134 1564 tuus
1151 1491 1313 1564 maritus.
1377 1490 1451 1563 120
1477 1490 1670 1586 Tanquam
1682 1498 1728 1564 ad
1742 1519 1886 1570 saxeam
1904 1520 2031 1590 rupem
2048 1499 2247 1589 conbinatos

384 1607 520 1681 Verum
536 1603 696 1699 quiesce,
720 1599 813 1682 filia,
840 1611 874 1668 et
889 1593 1157 1690 lachrymarum
1172 1597 1299 1688 plenos
1427 1591 1549 1686 Equos
1566 1597 1786 1682 emittentes,
1808 1613 1980 1694 tanquam

385 1712 518 1782 Fontes
532 1709 654 1790 aufer,
680 1716 715 1774 et
729 1701 963 1776 demulceatis
978 1697 1108 1783 verbis,
1427 1695 1529 1766 Onus
1546 1709 1686 1787 gestans
1704 1700 1788 1794 equi
1804 1727 1950 1775 currum
1966 1699 2162 1788 trahentis,

340 1817 411 1886 100
431 1810 578 1885 Fabulis
594 1822 628 1880 te
644 1809 758 1900 ipsam
775 1803 968 1894 decipiens,
984 1823 1204 1896 quamquam
1221 1797 1325 1876 mise·
1426 1795 1666 1890 Appreheode
1682 1805 1918 1876 mamanibus
1935 1819 2096 1892 etveste‚
2117 1852 2121 1879 ι
2173 1857 2177 1874 .

744 1929 806 1977 rae
822 1906 894 1978 sint
909 1906 991 1974 illae
1008 1901 1248 1995 deceptiones.
1379 1897 1452 1972 125
1475 1900 1546 1970 Ubi
1562 1903 1679 1972 deficit
1693 1906 1868 1978 imbecille
1885 1907 1985 2000 pedis
2003 1909 2202 2000 vestigium.

278 2083 282 2090 .
388 2014 561 2098 „Etenim
576 2023 714 2082 cessant
728 2011 873 2080 tandem
893 2003 1198 2078 etiamhominum
1214 2025 1325 2076 casus.
1428 2002 1543 2074 Senex
1557 2029 1678 2078 senem
1693 2020 1801 2099 gesta,
2161 2052 2167 2071 .

389 2115 466 2201 „Et
488 2115 594 2188 ssatus
616 2125 808 2184 ventorum
828 2135 904 2180 non
927 2112 1079 2180 eandem
1094 2129 1234 2198 semper
1252 2103 1325 2174 vim
1428 2101 1469 2174 ln
1483 2106 1606 2180 labore
1621 2109 1828 2196 iuventutis,
2097 2176 2101 2190 ,
2124 2157 2151 2190 a,

749 2209 895 2296 babent,
1429 2207 1496 2281 Cui
1513 2209 1684 2287 iuvenilia
1700 2213 1921 2296 simularma
1937 2212 2060 2297 bastae
2088 2270 2093 2285 .
2115 2233 2119 2244 '
2153 2278 2157 2294 ,

352 2384 353 2394 ,
389 2319 466 2404 „Et
480 2320 543 2414 qui
558 2315 676 2390 lelices
692 2329 795 2400 sunt,
817 2339 893 2386 non
909 2325 993 2386 sunt
1006 2323 1181 2408 perpetuo
1197 2310 1326 2388 felices.
1430 2309 1553 2380 luveni
1570 2313 1656 2384 olim
1674 2319 1842 2404 aderant,
1865 2321 2120 2392 celeberrimae

389 2421 514 2506 „Nam
532 2420 654 2491 omnia
670 2419 765 2488 inter
780 2441 817 2488 se
833 2415 1020 2488 variantur
1036 2413 1238 2508 dupliciter.
1381 2415 1453 2488 130
1470 2414 1552 2486 Non
1569 2417 1883 2508 patriaededecus'.

340 2521 413 2596 106
435 2521 527 2610 „lile
543 2535 662 2594 autem
678 2521 836 2614 optimus
848 2532 901 2592 est
914 2519 991 2604 vir,
1014 2519 1078 2616 qui
1090 2517 1167 2610 spei
1430 2515 1575 2602 Videte,
1599 2533 1639 2590 ut
1655 2534 1770 2596 truces
1785 2524 1843 2598 isti
1858 2524 1969 2616 patris
1986 2527 2121 2596 similes

391 2627 573 2720 „Semper
593 2621 813 2722 conlidit¹⁸);
845 2635 883 2692 at
897 2623 1086 2716 desperare
1101 2616 1258 2692 bominis
1275 2629 1328 2690 est
1430 2618 1627 2694 Oculorum
1641 2625 1798 2717 fulgores
1813 2641 1907 2700 sont.
2142 2693 2145 2702 ι

754 2725 876 2818 ignavi
885 2725 944 2822 ι1).
1430 2720 1670 2796 lniortunium
1684 2744 1777 2808 certe
1793 2753 1869 2805 nou
1887 2743 1941 2803 est
1958 2730 2125 2800 relictum
2140 2753 2159 2800 a
2176 2726 2291 2802 libetis,

392 2835 490 2904 utor.
511 2829 684 2902 Sublimis
701 2829 791 2900 atria
809 2842 844 2898 et
858 2827 1006 2900 senilem
1430 2825 1555 2920 Neque
1572 2828 1679 2919 periit
1694 2829 1820 2922 gpa'tia.

390 2931 540 3008 Lectum
556 2935 647 3004 eirca
661 2931 808 3004 baculos
1383 2924 1454 3001 155
1478 2927 1948 3019 ouraecis,auxiusiores

1431 3029 1563 3124 Quales
1579 3035 1719 3125 perdes,

1432 3133 1521 3204 Cum
1539 3131 1595 3206 his
1610 3137 1819 3228 privaberis.

448 3257 582 3324 occulens
601 3267 690 3320 neque
707 3253 802 3302 terres
820 3249 954 3299 taurinos
972 3245 1067 3312 egrest
1083 3254 1232 3306 pessumus
1248 3245 1328 3296 sitm
1431 3237 1501 3308 Sed
1518 3238 1622 3308 video
1638 3241 1826 3312 dominum
1842 3235 1948 3312 huius
1964 3253 2083 3315 tetrae
2132 3292 2136 3311 ,

442 3321 781 3460 statuaria:
799 3317 972 3438 stratu*
990 3317 1018 3366 ¹¹¹
1430 3338 1567 3432 sy...
1673 3339 1894 3450 papa...
1909 3343 2131 3436 ...aa

445 3465 572 3528 Amplius
588 3465 652 3512 sunt
669 3460 756 3513 nobis.
794 3457 872 3520 Quod
891 3452 1142 3520 igitureonsttiun
1160 3452 1253 3518 umes,

444 3535 534 3588 Dicito
552 3530 747 3590 communiter,
764 3539 800 3575 ne
818 3523 987 3574 moriendum
1004 3522 1050 3572 sit.

447 3603 593 3669 „renpus
610 3609 679 3649 vero
696 3595 898 3660 protrahimus,
917 3592 1071 3642 auresue
1087 3589 1247 3642 hbeettier.

377 3687 425 3756 11)
443 3687 548 3748 iretur]
566 3683 609 3736 sie
625 3681 710 3734 rotet.
728 3681 863 3744 receutt.;
882 3677 931 3730 dci.
951 3677 1026 3729 tect.
1044 3675 1142 3726 iseter.

378 3771 424 3841 tt)
444 3775 477 3824 a.
496 3773 516 3826 1.
541 3771 569 3820 tn
586 3769 637 3820 Ed.
657 3767 733 3818 titt.
760 3768 828 3816 nota
844 3775 948 3827 usurp:
975 3762 1147 3824 sperandum
1171 3765 1255 3816 sebui
1279 3765 1331 3816 ed-

1418 3645 1466 3706 lu)
1498 3645 1583 3698 osor.
1612 3642 1744 3696 turtinis
1761 3665 1794 3684 «-
1813 3644 1929 3701 domum.
1955 3646 2012 3704 (rs.
2034 3635 2225 3705 107-18.)]
2251 3638 2287 3688 sic
2305 3631 2335 3681 ll·

1452 3713 1546 3778 sses.;
1562 3713 1612 3766 ro.
1634 3697 1723 3762 istest
1877 3716 1880 3733 ·

1487 3783 1574 3835 (lior.
1593 3780 1725 3831 Sublimis
1742 3781 1831 3842 stris,
1850 3783 1877 3830 et
1895 3779 2008 3844 entique

412 3841 516 3894 vereb.
1486 3851 1596 3904 costus
1612 3850 1716 3900 eironn
1733 3849 1837 3900 meniu
1859 3904 1862 3915 ¹

1487 3922 1583 3973 Nisum
1601 3909 1720 3982 poleos,
1739 3919 1892 3970 accersitus
1909 3931 1972 3977 soso
1988 3917 2161 3998 Ιιῃιιίιιίιιι,1

1486 3991 1621 4041 nocturn
1638 3989 1780 4050 motator,
1799 3987 1885 4036 vetuti
1902 3998 1972 4038 osus
1988 3999 2073 4052 coss,
2143 4021 2147 4028 .

1487 4059 1583 4122 Verte
1600 4057 1722 4116 inuium.
1741 4057 1770 4109 et
1788 4055 1861 4108 visio
1878 4059 1960 4117 coetu
1972 4065 2120 4132 apperens
2150 4104 2152 4113 ,

378 3927 425 3992 14)
450 3928 511 3980 Ant.
538 3919 639 3976 00111
655 3947 691 3961 -
708 3917 811 3982 lgucvl.
837 3913 878 3981 (v.
896 3909 1074 3990 88-«10031
1097 3915 1137 3964 sic
1161 3918 1211 3968 tto.
1238 3919 1331 3986 imp

413 3997 462 4049 Ei.
476 3993 569 4044 tm:
1160 4031 1163 4040 .
1192 4013 1223 4056 *4

448 4066 509 4116 Αιιι.
528 4062 550 4114 0
567 4057 645 4124 fllia,
665 4067 720 4108 noo
739 4052 821 4110 terite
838 4049 992 4104 aestuosas

451 4131 580 4193 resnpts
597 4127 747 4178 sonores-e
763 4126 925 4184 consutam,
942 4121 1047 4184 abnue
1063 4119 1168 4175 iubere.

448 4205 523 4266 step.
540 4197 678 4248 Maeroris
695 4194 758 4257 quid
777 4191 890 4256 impedit
906 4184 956 4243 tel
973 4203 1040 4245 nnus
1052 4200 1130 4245 ense
1142 4191 1213 4245 edes
1227 4187 1332 4244 stunt

451 4275 511 4326 Ass.
533 4267 568 4318 ut
585 4268 637 4318 istc
653 4265 774 4332 gaudeo,
793 4264 821 4312 ct
838 4271 900 4310 amo
919 4272 994 4323 spes,

449 4341 523 4406 Mep.
555 4337 592 4387 Et
615 4346 683 4398 eg03
724 4340 840 4394 sperare
864 4329 914 4382 ssd
938 4329 1080 4392 insperate
1114 4339 1170 4378 non
1193 4329 1333 4394 convenit,
1393 4366 1396 4378 .

756 4411 852 4450 senex.

450 4479 511 4530 Am.
530 4474 586 4542 „in
603 4471 665 4534 ipss
682 4481 761 4522 mora
779 4467 913 4518 maiorum
929 4467 995 4516 suut
1013 4463 1143 4516 remedie

451 4547 525 4610 Mea.
556 4541 609 4592 sed
634 4540 707 4603 quoti
729 4539 866 4602 interest,
892 4549 935 4586 me
954 4535 1052 4600 (triste
1070 4533 1333 4598 utrantos-ocur

449 4685 509 4734 Am.
529 4678 636 4729 utinam
655 4675 815 4740 continget,
832 4687 848 4726 o
868 4672 940 4738 titis,
958 4683 1074 4736 prosper
1091 4682 1202 4725 corsos.

450 4752 492 4800 iix
510 4747 699 4810 praesentibus
716 4743 782 4794 mitt
799 4743 828 4794 et
844 4742 893 4792 tibi
912 4742 1002 4804 maiis,

451 4817 607 4876 veniatque
624 4813 771 4876 eliquanto
790 4811 865 4862 fliius
883 4824 983 4876 meus,
999 4809 1120 4860 coniunx
1136 4821 1206 4860 vero
1224 4811 1297 4858 tous.

450 4887 504 4938 sed
517 4883 637 4948 quiesce,
650 4884 679 4930 et
690 4883 880 4944 lachrymosas
895 4877 977 4948 [prm
991 4874 1198 4944 lachrymosas]
1214 4877 1332 4933 fliioron

450 4957 555 5008 Fontes
571 4950 668 5004 soler.
686 4953 714 4996 et
730 4951 877 5000 consolare
895 4945 987 5014 dictis,

451 5021 627 5092 „usospieos
646 5017 760 5078 tabuiis,
779 5017 896 5066 miserae
913 5015 1092 5078 deceptiones
1110 5013 1246 5080 quanvis.

452 5091 613 5158 „Deficiunt
630 5087 706 5136 certa
724 5086 751 5134 et
766 5087 923 5134 morutium
941 5085 1127 5150 calamitates,

452 5163 517 5226 „rt
534 5161 617 5209 uetus
634 5157 780 5205 ventorum
798 5163 852 5202 uon
870 5165 979 5212 semper
997 5153 1124 5216 impetum
1141 5151 1250 5204 babent.

453 5229 584 5296 „Quique
602 5225 700 5276 telices
717 5221 800 5284 sunt,
818 5231 872 5270 nou
891 5223 1023 5282 perpetuo
1041 5221 1155 5284 tetiam

452 5331 471 5364 „
482 5295 621 5348 Decedout
639 5293 709 5342 enim
727 5289 820 5340 omnis
839 5299 857 5338 c
874 5301 906 5338 se
925 5291 1018 5344 mutuo
1035 5302 1170 5341 seorsum.

454 5367 532 5430 „tito
550 5367 641 5414 sutem
658 5363 703 5410 sir
720 5359 855 5422 optimos,
874 5357 919 5420 qui
938 5359 1037 5420 spebus

455 5433 602 5500 „comsit
618 5440 743 5494 sempers
761 5439 816 5478 ooo
837 5429 930 5478 sotem
947 5435 1082 5490 sperare,
1100 5423 1272 5492 victimet.

1487 4116 1621 4185 murtei
1638 4124 1737 4186 somni,
1765 4169 1768 4178 .
2103 4172 2106 4181 .

1486 4193 1617 4247 crenus
1633 4195 1757 4257 tontum,
1774 4191 1825 4244 sesi
1843 4195 1935 4246 teneo
1953 4193 2045 4247 suino
2063 4195 2180 4257 lubenti.

1488 4265 1511 4316 ⁰
1530 4263 1600 4330 titii,
1616 4261 1667 4312 liiii
1684 4265 1763 4324 patre

1485 4334 1632 4384 cereastes.
1667 4331 1802 4396 tisenex,
1917 4373 1920 4380 .

1486 4403 1581 4464 'loque
1598 4397 1703 4450 nume
1718 4403 1824 4464 meter,
1843 4409 1912 4462 quse
2141 4435 2163 4447 ι.

1487 4472 1574 4530 lium,
1592 4467 1640 4532 qui
1655 4469 1700 4518 est
1716 4467 1844 4518 Plutonis
1862 4467 1890 4519 iu
1907 4467 2036 4530 uiuus,
2053 4471 2188 4525 resritme

1487 4537 1656 4602 ingemiscis.

1487 4609 1529 4660 Ne
1545 4603 1692 4658 orenestts
1707 4606 1820 4670 pedon,
1837 4605 1988 4670 grecisque
2005 4611 2143 4674 mamers,

1487 4678 1628 4738 Tanquam
1645 4675 1680 4724 eei
1697 4685 1826 4726 saxosam

1487 4745 1609 4808 Rupere,
1627 4743 1801 4808 coniugatum
1986 4801 1990 4810 ¹
2039 4785 2042 4797 .

1487 4815 1595 4878 asson
1612 4812 1787 4873 emittentes,
1803 4815 1935 4876 ,tanquan
2150 4869 2154 4882 ⁸

1489 4881 1566 4936 onos
1583 4883 1698 4943 gestans
1716 4879 1745 4928 in
1762 4893 1845 4930 curru
1862 4882 1999 4932 traieeutis
2016 4885 2093 4946 eqni,

1487 4950 1668 5014 appresenue
1686 4951 1841 5001 manumet
1859 4953 1962 4998 vestes.

1486 5019 1572 5072 cuius
1592 5017 1695 5068 deiecit
1711 5017 1788 5080 pedis
1805 5017 2102 5082 impetrassemus,

1486 5093 1579 5142 Seuer
1596 5099 1692 5138 senem
1711 5085 1844 5140 deducito.

1488 5155 1561 5206 otim
1578 5153 1651 5204 inter
1667 5154 1824 5216 aequalium
1840 5153 1952 5208 iabores

1486 5223 1538 5276 cni
1553 5233 1632 5280 erres
1649 5224 1747 5274 butus
1763 5226 1893 5274 recentes

1485 5291 1581 5342 iuveni
1598 5291 1715 5342 ederant
1732 5291 1816 5352 oiim,
1832 5289 2035 5356 inclytissime·

1486 5361 1598 5414 Patriae
1616 5372 1670 5411 non
1692 5359 1853 5424 opprobrie,

1484 5429 1586 5480 Videte
1604 5427 1692 5491 patris
1711 5427 1784 5492 quod
1800 5438 1881 5491 sores
1899 5429 1927 5482 bi
1944 5427 2089 5482 miniles
