4738 6090
274 206 352 290 195
853 209 979 284 rull..
1014 209 1128 282 utI-21..
1159 209 1363 282 SCRIPTA
1396 207 1739 284 Pultouosstclt.
2235 213 2302 285 196

200 397 204 412 ’
274 381 530 466 tributionem,
557 395 593 454 et
619 395 881 452 commemorat
906 383 1085 476 duplicem
1113 407 1186 454 esse
1207 407 1266 454 ra·
1319 407 1430 473 genus
1456 383 1741 458 contentionum.
1791 381 1910 456 Nemo
1926 385 2021 454 enim
2039 397 2110 468 est,
2135 385 2196 478 qui
2213 399 2305 454 amat

275 490 412 560 tionem
436 486 491 556 rei
521 485 709 556 familiaris
739 487 945 576 augendae,
979 487 1128 556 alteram
1154 483 1266 556 hone·
1318 487 1552 571 iniustitiam,
1573 487 1653 556 licet
1675 499 1710 556 et
1725 487 1820 556 ratio
1842 489 2032 570 reclamet,
2056 499 2175 556 tamen
2193 485 2306 581 sequi·
2345 481 2346 506 ¹

275 605 388 676 stam,
418 614 499 659 curn
527 589 672 670 labore,
702 587 877 660 industria
911 601 946 658 et
969 589 1153 681 diligentia
1187 613 1264 658 rem
1319 613 1413 660 mur.
1472 588 1649 662 Viderunt
1680 589 1852 666 nimirum
1885 593 2080 682 prudentes
2103 589 2193 676 riri,
2222 591 2306 683 qnid
2346 628 2347 654 ο

274 693 445 772 facimus;
476 693 624 760 alteram
658 703 818 779 turpem,
849 715 929 760 cum
951 716 1016 784 per
1038 691 1207 761 iniuriam
1232 703 1267 760 et
1318 704 1410 762 esset
1434 689 1471 759 in
1497 705 1625 762 natura
1652 687 1822 764 hominis.
1882 693 2005 786 Quare
2027 705 2062 761 et
2083 692 2187 762 Plato
2215 705 2307 761 recte

277 797 391 870 scelus
413 795 643 866 cumulantur
665 817 762 884 opes.
824 791 870 862 Et
893 793 975 888 quia
1001 793 1039 864 in
1063 793 1162 863 omni
1186 818 1266 864 ora·
1318 794 1509 878 iudicavit,
1533 820 1613 864 cum
1635 795 1683 868 ait
1698 795 1877 864 rationem
1900 795 2061 886 arrsrigam
2080 820 2176 878 esse,
2198 817 2308 888 equos

277 899 378 971 tinem
402 921 444 968 ex
467 897 587 991 aliqua
612 895 817 983 occasione,
842 920 885 964 ex
905 898 1000 966 facto
1023 897 1164 990 aliquo,
1183 919 1267 966 nar-

277 1002 437 1074 rationes
466 995 680 1081 trahuntur,
718 997 877 1068 Hesiodo
904 999 1011 1068 etiam
1042 999 1266 1069 occasionem

278 1105 477 1198 praebuere
507 1101 628 1172 fratris
649 1099 816 1170 iniuriae.
868 1099 993 1196 ltaque
1015 1126 1033 1170 a
1064 1101 1187 1173 litibus
1209 1123 1267 1170 or-

278 1208 387 1278 ditur.
439 1205 510 1274 Sed
532 1216 572 1274 ut
593 1202 786 1294 gratiorem
812 1204 921 1274 faciat
945 1203 1166 1288 orationem,
1192 1225 1268 1274 non

279 1309 367 1382 dicit
387 1307 615 1400 simpliciter,
635 1306 724 1376 alios
739 1329 803 1397 per
819 1304 990 1376 iniuriam
1008 1331 1049 1375 ac
1065 1307 1145 1378 lites
1161 1329 1269 1400 quae-

278 1435 359 1482 rere
389 1409 600 1502 pecuniam,
633 1408 722 1478 alios
756 1407 931 1478 industria
962 1431 1002 1478 ac
1034 1410 1179 1492 labore,
1207 1409 1268 1478 sed

278 1538 414 1584 nomen
451 1513 523 1582 litis
562 1511 745 1582 transtulit
781 1511 887 1580 etiam
920 1535 984 1601 per
1018 1507 1267 1602 metaphoram

244 1612 248 1620 ’
278 1615 382 1713 ad”)
400 1611 587 1686 honestam
603 1625 739 1694 artem,
757 1625 792 1682 et
804 1613 982 1704 duplicem
1000 1614 1267 1684 contentionem
1324 1645 1332 1660 ·

280 1743 354 1790 esse
383 1717 489 1800 dicit,
521 1717 671 1784 alteram
704 1714 1000 1808 vituperandam,
1036 1717 1187 1786 alteram
1217 1715 1270 1784 di-

278 1845 387 1914 gnam
408 1821 535 1917 laude,
555 1819 618 1888 ubi
647 1817 777 1912 aliquis
795 1821 987 1888 contendat
1009 1843 1089 1888 curn
1114 1818 1193 1888 aliis
1216 1817 1270 1886 in-

280 1923 429 1996 dustria.
489 1921 586 1992 Haec
608 1921 863 2012 paronomasia
887 1921 1002 1992 multo
1026 1920 1269 1992 venustiorem

281 2027 483 2098 orationem
513 2023 610 2094 facit.
667 2022 780 2116 Saepe
809 2024 904 2094 enim
931 2025 976 2094 ad
999 2024 1135 2094 vicinas
1157 2023 1271 2092 virtu·

281 2143 335 2202 tes
360 2127 510 2198 nomina
535 2126 706 2196 vitiorum
733 2127 1000 2208 transierimus,
1023 2139 1086 2196 aut
1110 2137 1271 2208 econtra,

280 2245 422 2304 utrum
445 2255 512 2322 pro
535 2228 682 2300 sordido
702 2229 877 2320 frugalem
901 2227 1072 2312 dicimus,
1096 2251 1163 2319 pro
1187 2250 1272 2318 pro-

282 2335 366 2428 digo
391 2333 574 2403 liberalem
595 2345 661 2402 etc.
714 2331 916 2402 Submonet
940 2343 1059 2400 autem
1077 2327 1147 2400 hoc
1163 2341 1270 2421 poeta

280 2463 348 2508 nos
364 2437 402 2506 iu
420 2435 520 2504 omni
535 2459 662 2526 genere
678 2435 833 2518 laboris,
854 2458 930 2504 non
952 2446 1091 2506 tanturn
1115 2432 1270 2504 aliorum

281 2539 452 2632 exemplis
484 2538 647 2620 accendi,
682 2539 744 2607 sed
774 2536 882 2606 etiam
920 2537 1049 2608 iuvari.
1114 2533 1271 2630 Ideoque

279 2639 376 2714 hanc
402 2641 669 2712 contentionem
704 2651 893 2730 tantopere
919 2640 1070 2730 probat,
1104 2638 1210 2734 quia,
1241 2637 1271 2709 si

280 2747 378 2818 solus
400 2743 538 2837 aliquid
563 2767 667 2833 agas,
691 2745 759 2812 crit
781 2742 904 2812 infelix
921 2742 1045 2826 labor,
1068 2741 1270 2836 frequentia

280 2861 401 2920 autem
428 2845 540 2916 iuvat.
592 2843 709 2928 Sicut,
731 2845 763 2916 si
788 2845 868 2940 quis
887 2845 984 2916 solus
1005 2846 1150 2936 pingat,
1178 2867 1272 2913 nun-

280 2977 391 3045 quam
417 2947 554 3018 efficere
578 2960 717 3018 tantum
737 2948 890 3040 poterit,
912 2960 1087 3044 quantum
1105 2947 1272 3030 efficeret,

280 3053 311 3126 si
327 3053 482 3124 aliorum
499 3050 670 3144 exemplis
685 3049 929 3124 adiuvaretur.
982 3047 1068 3122 lude
1085 3061 1170 3120 nata
1188 3061 1271 3122 sunt

279 3157 365 3230 ista:
423 3155 525 3226 Unus
556 3153 613 3224 vir
641 3155 760 3226 nullus
793 3153 917 3254 vir¹¹).
976 3153 1023 3224 Et
1051 3153 1141 3224 illud
1174 3155 1269 3246 apud

278 3253 476 3332 Homerum
496 3255 627 3327 lliados
641 3259 724 3346 affl)
745 3252 833 3332 Σύν
856 3285 897 3330 το
915 3250 980 3330 dei'
1001 3253 1189 3354 ἐρχομένω
1205 3269 1271 3328 etc.

277 3361 326 3434 Et
349 3359 527 3458 Cicero²’)
551 3361 675 3430 scribit
695 3361 865 3430 discendo
892 3355 1094 3456 συζήτησιν
1116 3359 1173 3428 vel
1197 3357 1270 3452 pri-

277 3491 356 3536 mas
387 3475 507 3556 partes
544 3475 687 3544 tenere,
719 3457 789 3532 boc
829 3473 901 3546 est,
936 3457 1069 3532 habere
1100 3461 1272 3556 aliquem,

279 3567 425 3666 quicum
451 3565 633 3649 conferas,
658 3565 702 3633 de
729 3565 858 3658 quibus
882 3564 989 3634 rebus
1004 3565 1111 3648 velis,
1136 3577 1171 3634 et
1192 3589 1273 3634 ver·

277 3671 351 3744 sari
366 3671 403 3742 in
420 3670 577 3764 quadarn
592 3667 794 3762 frequentia
812 3667 1047 3754 discentium,
1064 3669 1125 3738 ubi
1144 3691 1162 3736 a
1179 3667 1271 3738 mul-

277 3774 323 3847 tis
339 3777 383 3846 de
408 3771 517 3843 variis
539 3771 646 3842 rebus
667 3771 855 3840 admoneri
884 3770 1010 3862 possis.
1062 3771 1162 3842 Sicut
1183 3771 1270 3842 Ovi-

278 3879 359 3950 dius
383 3875 434 3946 ait
460 3878 504 3945 de
525 3873 664 3944 Ponto:

364 4013 486 4076 Scilicet
506 4011 630 4092 ingeniis
652 4011 751 4091 ulique
773 4023 819 4074 est
841 4010 996 4071 concordia
1017 4007 1133 4088 iunctis,

446 4112 485 4173 Et
507 4121 606 4173 serrat
629 4113 718 4172 studii
737 4111 863 4173 foedera
883 4111 1009 4194 quisque
1031 4109 1142 4193 euin).

361 4213 464 4296 thue
485 4213 559 4273 meis
579 4212 711 4272 numeris
735 4223 786 4273 tus
808 4213 858 4273 dat
878 4213 1015 4274 faeuudia
1037 4231 1157 4292 nervos,

449 4315 499 4379 Sic
519 4315 598 4376 redit
618 4335 636 4375 a
657 4315 740 4378 nobis
760 4317 793 4378 in
813 4327 864 4378 tua
887 4319 977 4380 rerba
997 4314 1139 4400 nitorffil.

380 4463 415 4510 v.
438 4429 499 4510 16.
554 4431 666 4517 Οὗτος
693 4428 764 4530 τήν
798 4461 842 4536 ys
873 4439 974 4534 φιλεῖ
1009 4431 1148 4532 βροτὸς
1180 4428 1268 4530 etc]

278 4541 396 4612 Sentit
425 4541 500 4609 fato
533 4541 689 4633 quodam
723 4539 896 4608 concitari
929 4537 1093 4609 homines
1127 4538 1171 4606 ad

279 4701 486 4713 ι-ι-ι--α--υ--ι-

312 4787 362 4858 so)
379 4787 427 4858 erl]
448 4791 498 4844 16.
519 4791 592 4842 1611.
612 4795 641 4843 u.
660 4803 758 4842 errore
775 4793 903 4856 symm
922 4801 962 4842 ec.

311 4873 361 4942 11)
379 4878 421 4928 lte
443 4877 658 4997 qpcproverblo
682 4878 756 4929 cont.
777 4877 884 4928 Μυσοί
902 4879 990 4942 Adrg.
1009 4876 1073 4927 cbtl.
1094 4875 1114 4929 1.
1140 4881 1213 4928 seut.
1231 4877 1267 4928 V.

304 4960 307 4969 ·
346 4957 424 5012 pror.
480 4985 487 5001 .

312 5029 539 5096 11)11166σσι.]
563 5030 606 5081 elo
631 5031 709 5080 recte
726 5042 823 5080 onnes
842 5030 926 5082 uoltu
945 5029 1028 5095 ttlre,
1054 5031 1165 5094 praeter
1183 5031 1266 5084 116111.

348 5099 424 5152 1641.
448 5101 499 5165 lb,
523 5099 615 5162 1661,
642 5109 712 5162 quse
735 5099 851 5150 hebent:
875 5100 907 5150 11.
927 5099 1102 5166 η.;1.οςὶιοσ
1127 5101 1199 5150 errlnr
1222 5101 1268 5152 blo

347 5178 449 5220 verm
467 5170 546 5220 lton.
563 5167 595 5219 u.
614 5165 729 5226 16111.

311 5253 361 5313 ru
379 5253 437 5306 cre.
454 5253 491 5304 es
507 5253 604 5306 remu
623 5251 701 5319 xvi,
718 5253 761 5306 u.

310 5337 362 5400 11)
379 5337 461 5395 ortt.
479 5339 569 5404 rput.
586 5351 623 5391 cx
639 5337 729 5390 Ponto
745 5337 779 5402 u,
796 5339 824 5396 6.
842 5337 885 5388 bt.
904 5338 947 5388 16.

310 5425 361 5488 11)
378 5425 443 5480 1116.
465 5425 502 5488 u,
517 5427 546 5490 1,
562 5425 606 5478 11.
624 5425 667 5480 111.

1320 921 1393 968 esse
1417 897 1584 982 affectus,
1605 899 1666 992 qui
1688 911 1724 968 et
1748 922 1892 968 currum
1916 911 1952 966 et
1976 899 2139 989 aurigam
2152 897 2307 989 rapiunt.

1421 1041 1456 1087 v.
1483 1015 1542 1086 17.
1596 1013 1681 1100 Νὐξ
1694 1013 1903 1114 turgisum]
1927 1017 1999 1087 Per
2016 1031 2157 1086 noctem
2175 1019 2309 1086 incom-

1319 1113 1598 1291 p‘plqiltqpsibilem
1623 1124 1804 1212 quandam
1837 1121 2086 1190 aeternitatem
2111 1143 2236 1189 rerum
2261 1120 2308 1190 iu-

1395 1247 1457 1408 gv.
1480 1339 1542 1412 20.
1596 1331 1820 1434 ἀπάλαμνον
1832 1339 1901 1442 '⁸)]
1935 1340 2086 1410 inertem
2125 1339 2309 1430 significat,

1322 1439 1423 1534 quasi
1455 1441 1569 1509 dicas:
1600 1441 1677 1511 sine
1709 1467 1843 1528 manu,
1879 1457 1941 1514 aut
1971 1441 2033 1538 qui
2062 1467 2190 1512 uranus
2224 1441 2310 1512 nulli

1322 1541 1424 1634 operi
1449 1543 1629 1614 admovet.
1688 1539 1840 1640 παλάμῃ
1861 1548 1958 1616 σοῖσι
1984 1571 2131 1615 manum
2160 1557 2195 1614 et
2224 1569 2310 1638 opus

1321 1669 1438 1736 rpsuru
1464 1647 1559 1736 apud
1577 1645 1736 1716 Graecos
1758 1647 1945 1739 significat.

1426 1788 1460 1832 v·
1482 1763 1545 1837 17.
1590 1754 1641 1836 Ὠ
1665 1762 1816 1862 Πέρση,
1847 1763 1895 1840 od
1918 1763 1959 1842 δὲ
1985 1774 2106 1843 ταῦτα
2134 1773 2207 1865 req*
2226 1763 2310 1864 etc]

1322 1863 1480 1936 Subiecit
1495 1861 1800 1937 exhortationem:
1825 1869 1922 1962 Ergo
1943 1885 1981 1941 tu
1998 1873 2213 1964 arrrplectere
2230 1895 2310 1941 con·

1322 1967 1519 2038 tentionem
1542 1963 1807 2056 honestiorem,
1829 1997 1904 2042 non
1921 1975 2018 2044 illam
2043 1987 2197 2068 turpem.
2250 1973 2311 2044 Est

1323 2093 1409 2138 vero
1441 2095 1571 2162 magna
1605 2074 1834 2166 simplicitas,
1863 2101 1992 2168 magna
2023 2079 2181 2149 suavitas
2205 2073 2309 2148 huius

1322 2171 1412 2256 loci,
1437 2174 1542 2244 etsie
1564 2174 1645 2246 finis
1667 2189 1720 2247 est
1741 2173 1912 2248 honestae
1934 2181 2191 2265 contentionis,
2213 2202 2307 2249 nunc

1323 2285 1466 2366 turpem
1486 2278 1666 2349 describit.
1716 2279 1764 2350 Et
1792 2281 1876 2376 quia
1901 2283 2036 2352 malum
2072 2279 2301 2354 contentionis

1323 2399 1435 2468 genus
1449 2390 1520 2463 est,
1546 2392 1582 2449 et
1598 2393 1703 2474 turpe
1718 2383 1822 2452 alteri
1845 2385 2027 2468 invidere,
2052 2383 2208 2455 omnibus
2224 2403 2299 2449 mo-

1324 2479 1378 2550 dis
1406 2481 1612 2572 fugiendum
1648 2509 1723 2556 esse
1754 2500 1899 2570 monet,
1938 2489 2061 2558 addita
2091 2483 2305 2558 dehortatio·

1324 2581 1446 2677 σθ’),
1468 2595 1508 2654 ut
1530 2585 1632 2681 neu)
1657 2587 1695 2658 iu
1717 2602 1874 2658 mentem
1898 2592 2044 2684 quidem
2062 2591 2183 2660 veniat
2206 2585 2310 2656 fratri

1324 2685 1475 2756 velleio
1499 2687 1580 2760 foro
1605 2690 1736 2774 rixari,
1766 2705 1799 2762 et
1823 2693 1927 2765 malis
1959 2693 2096 2766 artibus
2131 2693 2311 2762 ditescere.

1323 2787 1432 2858 Ratio
1455 2801 1528 2874 est,
1551 2795 1649 2885 qnod
1672 2794 1862 2866 infeliciter
1876 2810 2040 2869 versatur
2059 2798 2153 2868 circa
2171 2792 2311 2866 concio-

1323 2915 1389 2962 nes
1417 2892 1596 2979 forenses,
1628 2897 1685 2966 cui
1712 2897 1862 2989 singulis
1890 2901 2114 2992 temporibus
2145 2900 2202 2970 sui
2232 2919 2313 2989 pro

1323 3005 1452 3166 ¹vientus
1480 3019 1556 3066 uon
1585 2999 1784 3080 adfueriut;
1825 2999 2005 3074 namhoc
2035 2997 2174 3100 ιόραῖος
2206 3001 2313 3093 sigm-

1348 3110 1416 3168 cat.

1426 3241 1460 3288 v.
1485 3215 1546 3288 66.
1602 3213 1680 3296 Τοῦ
1700 3243 1741 3293 κο
1756 3215 2028 3316 κορεσσάμενος
2050 3219 2195 3324 νείκεα]
2220 3224 2315 3294 Con·

1324 3318 1435 3390 cessio
1467 3319 1605 3390 ironica
1630 3335 1698 3394 est:
1738 3323 1896 3418 Quando
1918 3325 2051 3398 ditatus
2076 3341 2172 3398 eset
2202 3327 2316 3398 abun-

1324 3422 1479 3493 dasium
1503 3447 1543 3492 re
1568 3425 1759 3511 familiari,
1794 3449 1860 3496 nec
1882 3427 2022 3499 animus
2045 3455 2065 3498 a
2091 3431 2189 3499 malo
2212 3453 2317 3500 revo-

1324 3525 1398 3593 cari
1430 3539 1566 3617 potest,
1600 3553 1683 3620 age,
1713 3553 1859 3622 perine
1887 3530 2027 3616 licebit,
2056 3533 2171 3624 litiges
2202 3557 2316 3626 quarn

1323 3630 1387 3697 diu
1417 3629 1527 3700 voles.
1599 3629 1647 3700 Et
1679 3657 1899 3728 quamquam
1930 3635 2056 3706 melius
2084 3649 2138 3706 est
2172 3635 2317 3728 litigare

1324 3754 1433 3826 quam
1463 3755 1611 3824 rapere,
1634 3747 1756 3804 tamen
1787 3761 1927 3806 mecum
1950 3737 2090 3830 litigare
2114 3762 2190 3808 non
2214 3752 2319 3830 pote·

1323 3835 1393 3918 ris,
1414 3859 1495 3904 curn
1522 3837 1566 3904 de
1587 3863 1669 3908 meo
1692 3834 1783 3907 nihil
1806 3839 1960 3932 amplius
1987 3865 2113 3934 rapere
2131 3839 2319 3936 possis'9),

1324 3949 1357 4008 et
1380 3961 1437 4008 res
1460 3937 1532 4008 iam
1558 3940 1605 4010 sit
1625 3954 1817 4014 transacta.

1370 4159 1380 4178 ι
1425 4085 1461 4130 v.
1487 4058 1549 4130 66.
1602 4059 1670 4134 αἵτ’
1703 4061 1743 4135 ἐκ
1773 4055 1862 4146 Διός
1893 4066 1985 4136 εἰσιν
2023 4059 2204 4162 ἄριστοι]
2269 4059 2320 4132 lta

1323 4185 1418 4230 emm
1442 4163 1662 4255 scripserunt
1680 4165 1858 4258 sapientes
1883 4165 1973 4250 viri,
1998 4191 2072 4238 esse
2096 4165 2230 4236 assirnis
2256 4190 2320 4236 no-

1322 4264 1404 4335 stris
1427 4265 1590 4335 inuatam
1610 4268 1788 4338 rationem
1809 4270 1915 4364 aequi
1939 4283 1975 4339 et
1994 4269 2094 4341 boni.

1426 4425 1461 4472 v.
1487 4399 1548 4472 69.
1600 4401 1862 4504 Awpopn'yovc
1873 4401 1943 4504 Ι“)]
1973 4405 2202 4488 finnionem,
2249 4406 2322 4476 ele-

1201 4531 1270 4605 ᾖα,
1321 4513 1409 4595 ga'ns
1434 4500 1619 4596 epitheton
1644 4519 1707 4578 est.
1767 4507 1882 4578 Vocat
1902 4521 2020 4579 autem
2045 4533 2146 4600 reges
2175 4510 2322 4600 praese.

1323 4696 1527 4710 ψει-ιι..-

1354 4811 1404 4870 16)
1429 4803 1613 4876 ἀπάλαμνον]
1647 4807 1893 4868 stetissemus.
1921 4821 2035 4878 omenes
2067 4809 2152 4862 urite
2178 4811 2324 4878 smack,

1390 4881 1495 4948 61111,
1513 4879 1635 4944 6οο111.,
1653 4879 1741 4932 brun.
1759 4873 1922 4946 indispar.

1353 4966 1403 5028 17)
1424 4961 1629 5032 dehortatione]
1656 4965 1697 5016 sto
1714 4965 1797 5016 116111.
1818 4967 1913 5032 lm,
1939 4967 2014 5019 1611.
2030 4969 2077 5030 u,
2101 4965 2196 5032 1611,
2225 4965 2325 5032 lm,

1389 5035 1707 5155 {ffij’ssssssg'miff'i‘
1723 5035 1810 5086 resse.
1831 5037 1906 5088 ross.
1925 5037 1975 5104 ra,
1995 5037 2086 5104 rasa,
2106 5036 2202 5103 root,
2224 5035 2324 5098 sset,

1351 5187 1454 5308 Ἢ
1463 5185 1673 5310 mlquqqu
1690 5175 1776 5258 rste,
1789 5191 1992 5259 ,csse-ssu,
2012 5191 2096 5246 retu
2113 5191 2201 5258 soar,
2222 5189 2323 5256 seen,

1351 5339 1401 5412 11)
1418 5339 1527 5410 possis]
1546 5344 1596 5396 116.
1616 5345 1692 5404 test.
1711 5349 1741 5400 r.
1760 5357 1858 5398 errore
1874 5347 2006 5412 tmen:
2022 5347 2120 5410 nouit.

1351 5430 1402 5496 10)
1420 5425 1632 5498 lupepciyorc]
1649 5432 1699 5482 rr.
1719 5431 1795 5487 1611.
1812 5435 1900 5506 ntes
1918 5428 2114 5502 Aopcpdmr·
