4748 6108
316 189 393 274 055·
585 245 592 252 .
902 175 1024 252 raus.
1059 177 1777 256 uec.scanrarnnoooo1cs
2256 201 2312 278 m

367 371 442 442 flet.
482 360 620 433 Graeca
651 379 742 426 sum.
807 347 901 420 Volo
931 350 1039 424 etiam
1072 354 1117 424 de
1145 366 1179 424 te
1207 351 1310 440 scire,
1411 356 1508 428 Meo.
1542 353 1756 448 Magnitudo
1778 353 1976 441 malorum,
2015 385 2104 456 quae
2121 365 2167 436 ihi
2185 376 2311 464 perpessi

730 453 811 549 ‘1⁰5⁸
828 453 886 532 ⁵5⁸·
1741 482 1882 542 sumus,
1908 467 2095 552 persuadet
2108 491 2178 553 me,
2200 489 2312 548 uentu.

368 575 465 646 Meo.
490 563 582 635 Dico
596 574 630 631 te
646 557 805 628 Helenae
822 557 977 631 maxime
990 557 1144 632 similem
1161 582 1247 630 esse.
1364 555 1439 632 600
1465 561 1540 631 ΗιΙ.
1568 557 1649 632 Heu
1663 554 1773 644 mihi,
1796 584 1889 656 quae
1908 575 1960 636 est
1975 591 2032 638 me
2054 568 2234 644 infelicior?

318 673 393 752 570
419 672 493 746 1101.
520 665 569 738 Et
593 688 658 756 ego
673 675 715 752 te
739 659 922 740 Menelao;
956 685 1031 734 non
1054 658 1191 748 habeo,
1224 659 1312 758 quid
1415 657 1623 734 Charissimi
1638 687 1696 734 me
1712 661 1940 760 relinquunt,
1965 693 2081 766 neque
2094 675 2208 746 redibo

725 763 841 834 dicam
858 764 968 836 aliud.
1415 764 1471 834 Aa
1479 763 1661 850 Graecos,
1687 789 1804 862 neque
1822 767 1859 836 in
1878 771 2033 860 patriam
2050 799 2161 846 meam
2175 801 2316 870 unquam.

368 885 464 956 Men.
499 874 607 944 Recte
628 866 801 960 ‚agnoscis
833 866 1075 942 miserrimum
1109 882 1211 940 tuum
1237 889 1313 936 ma·
1415 875 1509 942 Nun.
1544 867 1726 953 Menelae,
1761 893 1938 964 quaerens
1962 888 2016 960 te,
2051 877 2108 948 vir
2130 882 2259 950 teodem
2278 883 2317 950 in·

736 969 860 1043 ritum.
1275 1043 1283 1058 „
1521 997 1526 1012 ·
1780 971 1906 1056 venio,

370 1089 447 1160 liet.
472 1081 600 1154 Osero
621 1074 768 1146 veniens
786 1073 824 1142 in
841 1097 970 1146 manus
985 1073 1146 1168 coniugis
1167 1085 1262 1144 tuae.
1416 1073 1487 1144 Per
1504 1095 1648 1144 omnem
1669 1069 1761 1142 hane
1776 1085 1911 1146 terram
1928 1076 2119 1154 barbaram
2132 1106 2258 1167 errem,

372 1194 469 1264 Meo.
495 1182 620 1276 Qualis
643 1173 830 1268 coniugis?
866 1201 911 1248 ne
935 1177 1088 1269 attingas
1115 1199 1233 1248 meam
1254 1197 1313 1244 ve·
1367 1173 1442 1248 605
1470 1176 1600 1250 Missus
1620 1199 1638 1244 a
1656 1176 1761 1248 sociis
1776 1177 1920 1250 relictis.

727 1291 830 1350 stem.
1417 1283 1514 1354 Meo.
1541 1278 1639 1370 Quid
1653 1275 1731 1350 esti
1756 1303 1804 1348 an
1820 1279 1965 1372 spoliati
1980 1283 2063 1358 estis
2082 1311 2102 1356 a
2116 1285 2281 1360 barbaris?

369 1396 443 1466 aet.
470 1389 590 1481 Quam
609 1382 675 1454 tibi
686 1381 919 1474 Tyndareus,
946 1396 1048 1474 pater
1063 1407 1181 1465 meus,
1204 1379 1313 1451 dedit.
1416 1387 1509 1453 Nun.
1558 1379 1753 1466 Miranda‚
1800 1405 1893 1477 quae
1922 1383 2064 1458 minora
2099 1402 2180 1462 suut
2208 1389 2319 1460 nemim

319 1493 394 1570 575
419 1495 516 1568 Mers.
544 1487 726 1560 OHecate
741 1483 909 1568 lucifera,
935 1497 1073 1578 spectra
1096 1485 1201 1556 nohis
1225 1483 1315 1554 offer
1776 1507 1887 1577 quam
1903 1509 1957 1557 re.

734 1586 840 1658 laeta.
1417 1587 1514 1658 Men.
1541 1583 1629 1668 Dic,
1656 1585 1740 1679 quia
1761 1587 1879 1660 adfers
1902 1587 2039 1682 aliquid
2062 1591 2150 1662 novi
2173 1587 2235 1663 hac
2253 1592 2318 1664 solli-

370 1701 445 1774 flet.
471 1694 557 1768 Non
575 1691 673 1762 vides
695 1713 752 1758 me
774 1699 990 1758 nocturnam
1008 1690 1210 1762 ministram
1225 1688 1315 1762 Pro·
1776 1689 1945 1762 citudine.

733 1789 911 1882 serpinae.
1417 1794 1511 1860 Nun.
1538 1788 1629 1858 Dico
1648 1801 1683 1860 te
1701 1790 1831 1862 frustra
1848 1804 1903 1862 tot
1918 1792 2061 1865 labores
2081 1795 2273 1868 sustinuisse.

369 1907 466 1978 Mes.
493 1897 541 1970 At
562 1909 655 1968 certe
680 1917 754 1964 nou
776 1918 856 1966 sum
879 1893 1030 1968 maritus
1052 1896 1207 1967 duarum
1231 1919 1315 1966 con·
1340 1924 1342 1960 ι
1368 1891 1443 1962 610
1468 1893 1567 1966 Meo.
1593 1890 1690 1966 Dicis
1707 1893 1855 1988 antiqua
1872 1895 1985 1976 mala;
2012 1897 2103 1990 quid
2119 1896 2270 1972 nundast

732 1997 868 2088 iugum.
1339 1994 1342 2065 i
1417 1999 1512 2066 Nun.
1541 1993 1706 2064 Coniunx
1723 2009 1783 2067 tua
1799 1995 1890 2070 abiit
1904 1999 1950 2068 ad
1965 1999 2152 2072 volumina
2172 2001 2252 2072 coeli

370 2111 446 2182 Hel.
473 2103 582 2176 Cuius
595 2099 741 2172 alterius
756 2095 907 2168 thalami
922 2099 1090 2172 dominus
1106 2099 1168 2172 es?
1340 2114 1343 2199 ἰ
1418 2095 1552 2166 Levata
1566 2097 1738 2182 evanida,
1765 2110 1802 2168 et
1816 2101 2014 2172 occultatur
2028 2101 2070 2174 in
2085 2106 2205 2188 coelo,

370 2216 468 2284 Meo.
494 2207 597 2300 Quae
612 2205 650 2274 in
666 2225 774 2296 specu
790 2201 966 2272 occultata
983 2215 1055 2286 est,
1081 2215 1116 2274 et
1138 2227 1248 2298 quam
1274 2207 1332 2272 ex'
1419 2198 1557 2270 Relicto
1583 2204 1788 2274 venerando
1810 2201 1873 2272 ttto
1898 2216 2024 2289 antro,
2058 2209 2123 2280 obi
2145 2231 2219 2278 earn
2239 2225 2325 2276 serva·

738 2303 849 2374 Troia
868 2304 958 2376 iero.
1774 2304 1921 2390 bamus,

321 2416 397 2490 580
423 2413 500 2486 Hei.
527 2411 611 2483 Non
626 2405 736 2480 habes
753 2407 859 2478 aliam
878 2429 1027 2476 uxorem
1043 2419 1187 2499 praeter
1200 2431 1269 2480 me.
1419 2405 1614 2499 Postquam
1631 2419 1771 2476 tantum
1785 2407 1892 2478 dixit:
1919 2407 1954 2480 0
1968 2411 2093 2482 miseri
2109 2409 2258 2506 Phryges

371 2521 470 2592 Mers.
496 2513 600 2586 Certe
614 2507 694 2586 'sum
711 2533 838 2589 sonus;
864 2511 927 2580 sed
942 2509 1037 2580 oculi
1052 2509 1123 2580 mei
1137 2523 1271 2584 errant.
1369 2503 1444 2580 615
1469 2505 1516 2576 Et
1532 2531 1656 2578 omnes
1671 2508 1819 2595 Graeci,
1843 2524 1993 2603 propter
2006 2537 2066 2586 me
2083 2519 2130 2588 ad
2145 2503 2321 2590 seemanoi

371 2623 448 2693 1101.
482 2617 540 2686 An
563 2641 638 2686 non
669 2612 801 2684 videris
835 2611 956 2686 videre
987 2623 1086 2682 tuam
1116 2611 1331 2708 coniugem„
1420 2609 1535 2680 hittus
1550 2611 1641 2681 dolis
1657 2609 1804 2684 lunonis
1820 2613 1902 2686 estis
1918 2618 2076 2701 mortui,

730 2740 811 2786 cum
826 2739 883 2786 me
898 2711 1021 2786 vides?
1420 2713 1592 2784 Putantes
1607 2713 1775 2788 Paridem
1792 2711 1925 2788 habere
1941 2717 2142 2804 Helenam,
2167 2741 2264 2813 quam
2278 2733 2330 2782 non

372 2829 470 2900 Man.
495 2823 636 2914 Corpus
654 2818 852 2896 estsimile;
879 2818 948 2914 hsed
970 2818 1205 2912 perspicuitas
1229 2814 1319 2890 mihi
1779 2813 1915 2890 hahuit.

734 2921 842 2990 deest.
1421 2916 1518 3010 Ego,
1545 2929 1734 3012 postquam
1752 2933 1853 2990 tanto
1874 2933 2036 3012 tempore
2063 2921 2198 3005 mansi,
2227 2927 2331 3014 quanto

374 3032 450 3104 tter.
477 3027 695 3111 Considera,
722 3021 811 3118 quid
834 3019 926 3094 desit
948 3020 1039 3094 tibi?
1074 3024 1152 3121 quis
1176 3035 1211 3096 te
1233 3047 1320 3118 pru-
1344 3081 1346 3134 ,
1779 3047 1836 3094 me
1854 3045 2001 3094 manere
2018 3025 2202 3118 oportuit,

741 3125 885 3198 deutior
907 3122 983 3200 est?
1344 3152 1347 3195 i
1423 3119 1577 3194 Servans
1592 3123 1808 3198 destinatum
1823 3127 1888 3198 fati
1901 3139 2055 3218 tempus,
2083 3132 2129 3200 ad
2151 3149 2270 3206 aerem,
2289 3143 2332 3213 pt·

325 3238 401 3313 585
427 3242 525 3312 Men.
548 3231 681 3305 Similis
699 3254 755 3314 es,
781 3225 851 3300 hoc
865 3251 940 3300 non
956 3252 1100 3319 possum
1119 3252 1262 3322 negare.
1781 3241 1871 3300 trem
1889 3253 2030 3313 meum,

377 3345 453 3418 Hel.
480 3338 554 3434 Qui
568 3337 658 3408 alius
674 3349 708 3406 te
724 3331 886 3416 docebit,
912 3331 983 3404 nisi
1000 3331 1095 3404 oculi
1111 3331 1188 3403 tui?
1373 3327 1450 3402 620
1476 3325 1596 3408 Aheo;
1624 3328 1752 3400 misera
1771 3331 1841 3400 iilia
1862 3331 2025 3424 Tyndari
2039 3335 2176 3406 famam

377 3451 474 3521 Men.
500 3440 611 3526 lund,
638 3439 736 3534 quod
751 3431 867 3506 haheo
883 3435 991 3504 aliam
1005 3458 1168 3506 uxorem.
1425 3429 1558 3498 Malam
1575 3433 1705 3502 frustra
1722 3433 1879 3517 audivit,
1906 3459 1985 3506 cum
2002 3449 2096 3506 esset
2110 3435 2188 3507 sine
2202 3434 2298 3525 culpa.

378 3551 455 3622 Hel.
485 3543 563 3637 Ego
589 3566 664 3614 non
688 3539 770 3612 veni
797 3537 835 3610 in
856 3548 990 3608 tertam
1006 3535 1228 3622 Troianam,
1260 3539 1321 3612 sed
1425 3533 1459 3602 0
1475 3533 1546 3602 filia
1560 3531 1701 3618 Ledae,
1726 3537 1843 3618 salve,
1872 3532 1932 3608 hic
1948 3561 2028 3608 eras
2043 3534 2180 3631 igitur?

742 3651 819 3712 erat
831 3635 1101 3712 simulachrum.
1423 3635 1500 3726 Ego
1516 3649 1569 3721 te,
1595 3649 1766 3731 tanquam
1785 3639 1930 3712 abiisses
1945 3640 1983 3710 in
1998 3663 2159 3714 secessus
2177 3651 2327 3712 musmo,

379 3757 475 3829 Men.
502 3748 592 3842 Quis
606 3753 723 3839 potest
738 3745 853 3816 facere
870 3767 1022 3835 corpora
1041 3739 1225 3814 videntia?
1426 3739 1643 3810 Nuntiaham
1662 3741 1853 3832 ignorans,
1881 3744 1978 3838 quod
1993 3745 2142 3816 volatile

328 3855 404 3933 590
430 3857 507 3930 rtet.
534 3847 688 3934 Aether,
714 3849 810 3920 unde
835 3859 874 3916 tu
895 3841 1004 3920 habes
1023 3847 1211 3937 coniugem
1233 3843 1323 3914 divi·
1376 3839 1450 3918 625
1478 3842 1616 3933 Corpus
1630 3839 1797 3924 haberem
1823 3867 1896 3916 nou
1912 3847 1994 3918 sino
2011 3847 2231 3922 telacessere

739 3950 835 4020 nitus
859 3949 1003 4022 factam.
1426 3944 1562 4016 Rursus
1577 3945 1672 4017 salsis
1685 3947 1805 4029 dictis,
1832 3947 1916 4040 quia
1934 3948 1971 4016 in
1987 3945 2053 4020 llio
2068 3950 2156 4022 satis

379 4067 478 4138 Men.
504 4057 595 4152 Quis
610 4055 707 4130 Deus
724 4049 850 4124 finxit?
874 4051 962 4124 dicis
980 4053 1172 4143 insperata.
1428 4047 1610 4118 Laborom
1630 4061 1774 4122 tuorum
1793 4061 1856 4118 tuo
1879 4049 2011 4122 merito
2034 4065 2071 4122 et
2093 4047 2279 4124 auxiliariis
2294 4057 2327 4104 tt·

378 4169 455 4240 rtet.
479 4160 627 4236 lunonis
647 4154 865 4252 permutatio
889 4169 959 4240 est,
993 4180 1039 4226 ne
1056 4154 1160 4226 Paris
1181 4177 1238 4224 me
1260 4175 1324 4244 po·
1787 4147 1945 4224 hibuisti.

737 4260 877 4332 tiretur.
1427 4253 1525 4324 Men.
1552 4250 1629 4322 Hoc
1643 4267 1696 4323 est
1711 4254 1817 4333 illud;
1845 4255 2064 4328 conveniunt
2079 4278 2256 4330 sermones

380 4376 477 4448 Meo.
505 4367 699 4463 Quomodo
717 4359 778 4434 htc
794 4387 872 4433 eras
886 4375 920 4432 et
936 4361 1042 4434 simul
1058 4361 1097 4430 in
1111 4357 1249 4430 Troia?
1425 4353 1539 4425 Huius
1555 4355 1630 4424 veri
1639 4354 1698 4450 ⁴¹).
1746 4355 1781 4428 Ο
1795 4369 1957 4449 optatam
1973 4359 2090 4443 diem,

381 4479 456 4547 Hei.
492 4473 634 4546 Nomen
657 4479 775 4562 potest
797 4467 835 4534 in
859 4465 980 4536 multis
1013 4464 1100 4534 locis
1131 4487 1223 4546 esse,
1264 4461 1325 4531 sed
1377 4457 1453 4531 650
1485 4456 1634 4553 Quian)
1664 4460 1763 4529 dedit
1793 4459 1951 4552 accipere
1986 4462 2024 4532 in
2054 4487 2138 4534 mes
2165 4453 2293 4534 brachia
2311 4457 2332 4512 ¹⁰

745 4593 874 4662 corpus
887 4591 973 4638 non.
1790 4587 1906 4632 meam
1929 4587 2092 4636 uxorem.

333 4675 408 4752 505
434 4681 531 4750 Mes.
565 4676 715 4746 Dimitte
737 4697 816 4754 me;
849 4671 933 4740 veni
957 4669 1041 4742 satis
1064 4664 1199 4738 hahens
1222 4646 1353 4752 mise-i
1428 4665 1504 4734 laet.
1530 4657 1982 4749 OcharissimeMeoelae,
2008 4681 2152 4759 tempus

742 4777 892 4846 riarum,
1350 4759 1354 4823 Ι
1427 4763 1593 4857 Longum
1611 4779 1682 4850 est,
1708 4769 1769 4836 sed
1785 4769 1950 4860 voluptas
1969 4771 2109 4860 integra
2130 4772 2235 4842 adest.

384 4883 461 4954 flet.
494 4878 688 4972 Relinques
711 4904 788 4963 me,
822 4891 857 4947 et
882 4875 1035 4946 abduces
1059 4872 1159 4942 illam
1181 4873 1324 4940 inanem
1384 4943 1585 4976 *7*—

742 4982 800 5050 vel
816 4971 975 5050 fictitiam
984 4976 1058 5073 Μ)
1077 4973 1252 5046 uxorem?
2194 5057 2200 5070 .
2300 5043 2304 5058 y

383 5093 481 5162 Men·
507 5085 614 5168 ue,
641 5084 726 5177 ma
741 5083 865 5154 simus
883 5108 918 5152 es
935 5081 1104 5150 saeue·
1414 5057 1822 5188 “mesatica
1836 5049 2335 5181 :tamesin-:tut

384 5195 460 5264 atet
480 5191 588 5273 Perii,
609 5201 642 5257 te
659 5197 762 5256 nacta
777 5184 959 5267 maritum,
976 5197 1095 5252 tamen
1111 5204 1185 5250 non
1201 5176 1327 5250 haheo.
1449 5197 1504 5311 ’,issp
1520 5191 1606 5260 [arxe
1638 5196 1717 5246 sutus
1742 5196 1914 5262 aaronem„
1949 5199 1997 5248 uo.
2015 5199 2089 5249 teor.
2115 5207 2249 5247 sermones
2272 5185 2334 5238 autu

333 5350 537 5366 ···-··-
1415 5347 1465 5406 ss)
1484 5347 1569 5410 outa]
1588 5348 1840 5414 sternuisse,
1867 5351 1942 5405 esar.
1965 5353 2011 5418 (2-
2029 5353 2079 5402 aa.
2099 5349 2180 5404 narrt.
2202 5345 2267 5398 rsst.
2280 5337 2333 5398 ost:

371 5429 442 5494 tos)
461 5428 596 5487 uectum]
615 5427 656 5477 ste
673 5430 771 5486 ωας
796 5421 880 5474 natet.
899 5417 992 5482 tus,
1015 5417 1091 5468 raas.
1111 5415 1257 5468 toruum.
1450 5417 1537 5473 satta.
1557 5421 1675 5469 smne:
1697 5411 1735 5470 ἰι
1750 5417 1783 5469 α’
1799 5445 1835 5458 -
1854 5422 1930 5481 ons
1946 5427 1975 5472 se
