4692 6092
53 259 110 336 iii
492 249 616 328 LVIII.
665 247 1066 331 mruuenurauto
1086 247 1291 326 musas
1316 243 1570 324 EURIPIDIS.
1973 237 2050 314 474

92 427 183 513 Villi,
196 423 500 520 imminutis
515 426 553 496 ld
566 419 747 502 ¹vitettlcm
764 443 800 502 et
812 427 1004 503 volentem.
1047 433 1051 440 '
1105 425 1153 498 Et
1176 425 1391 598 miscens⁸⁸p¹
1408 435 1524 494 totam
1544 421 1694 492 domum
1717 414 1867 499 hunis,

54 558 61 621 ς
90 539 160 625 dep.
184 528 263 600 iuro
290 541 440 614 terram,
464 541 500 599 et
517 530 745 624 splendidum
760 534 884 604 lumen
900 535 1005 618 Solis,
1058 527 1133 602 795
1160 529 1276 602 Exibo
1302 555 1344 601 ex
1394 538 1572 608 aeterra,
1602 541 1728 594 necem
1752 515 2045 594 charissimorum

88 633 127 705 lit
154 657 270 704 omnes
291 631 409 718 Deos,
439 635 539 728 quod
563 634 672 706 veliin
701 657 849 708 manere
864 638 903 708 in
923 635 1005 722 iilis,
1287 655 1290 662 ·
1465 627 1664 703 liberorum

425 757 521 830 quae
540 759 583 807 ex
608 749 643 808 te
666 731 788 812 audio.
1105 735 1280 827 Fugiens,
1302 745 1338 804 et
1359 755 1445 803 aissa
1466 731 1606 802 lacinus
1626 726 1892 822 impiissimum.

87 841 168 912 Med.
196 839 285 910 Satis
307 851 376 920 est3
414 839 501 933 quid
525 852 645 912 autem
677 844 842 935 patieris,
869 841 900 913 si
928 865 1004 912 non
1085 837 1224 934 ¹„lion
1246 837 1433 908 ferendum
1455 846 1526 918 est,
1547 845 1590 903 ut
1611 831 1841 903 derideamur
1858 829 1903 902 ab
1925 823 2045 899 inimi-

425 940 1003 1033 praestitcrisbociusinrandum?
1466 937 1536 1021 eis,
1563 959 1586 1004 ⁰
1611 935 1760 1018 amicae,

51 1039 105 1114 755
122 1047 198 1136 Aeg.
223 1043 325 1137 Quae
338 1041 547 1117 horninibus
561 1045 683 1139 impiis
696 1049 815 1120 solent
831 1048 1003 1120 accidere.
1106 1044 1203 1138 Quid
1228 1041 1330 1116 tum?
1353 1041 1442 1138 quid
1457 1063 1515 1110 me
1532 1039 1634 1108 iuvat
1647 1035 1797 1108 vivere?
1820 1056 1936 1128 neque
1954 1024 2045 1100 mihi

83 1149 161 1218 Med
184 1145 281 1218 Vade
304 1160 341 1218 et
365 1143 462 1230 vale;
486 1149 610 1223 omnia
635 1164 731 1223 recte
755 1175 792 1221 se
815 1147 961 1224 habeut.
1471 1141 1588 1236 patria

83 1247 145 1340 Ego
169 1252 288 1321 statim
311 1251 454 1320 veniam
472 1250 512 1320 in
535 1265 635 1324 tuam
662 1254 857 1340 civitatem,
1105 1245 1187 1336 Est,
1210 1273 1328 1345 neque
1352 1249 1502 1330 domus,
1524 1267 1642 1339 neque
1666 1251 1830 1333 receptus
1854 1232 1984 1328 aliquis
2001 1256 2043 1300 ex
2109 1299 2116 1336 ,

83 1351 142 1421 Ubi
160 1356 364 1438 confecero,
388 1372 482 1450 quae
498 1375 609 1446 paro,
630 1369 667 1426 et
682 1371 870 1430 consecuta
887 1359 1002 1441 fuero,
1465 1346 1521 1420 his
1541 1347 1658 1420 molis.
1691 1379 1693 1384 ’

421 1479 514 1550 quae
537 1458 633 1530 volo.
1055 1451 1129 1524 800
1151 1451 1427 1537 Ρεεεανίῒιιιιο,
1450 1452 1597 1547 quando
1618 1447 1750 1542 reliqui

82 1557 164 1627 Iler.
185 1557 253 1627 Sed
271 1569 325 1639 tc,
346 1579 430 1641 rex,
451 1572 620 1631 natusest
635 1561 755 1646 Maia,
778 1562 952 1632 deductor
1103 1555 1261 1628 Domum
1285 1570 1496 1651 paternam,
1523 1553 1644 1624 verbis
1667 1551 1738 1622 viri
1759 1545 1890 1622 Graeci

48 1653 100 1726 760
117 1657 225 1729 Ducat
250 1662 414 1744 domum,
887 1724 889 1733 ,
1104 1659 1295 1732 Persuasa:
1320 1661 1382 1755 qui
1397 1653 1487 1729 mihi
1502 1679 1659 1750 porum
1676 1652 1776 1724 dabit
1789 1649 1868 1720 Deo
1888 1644 2043 1719 volente·

80 1755 118 1828 Et
138 1785 197 1846 ea,
220 1785 377 1857 quorum
397 1762 624 1856 propositum
648 1759 783 1838 babens
803 1764 962 1849 festinas,
1102 1761 1195 1834 Nam
1220 1787 1405 1858 nunquam
1429 1762 1582 1842 liberos,
1615 1781 1707 1852 quos
1730 1778 1773 1826 ex
1801 1776 1859 1824 me
1889 1743 2044 1828 sustulit,

80 1859 249 1950 Periicias,
272 1865 358 1961 quia
385 1876 574 1958 praestans
598 1867 655 1937 vir
894 1942 898 1950 ,
1461 1861 1597 1932 videbit
1966 1864 1969 1868 ’

80 1961 156 2034 llihi
175 1967 271 2040 visus
294 1993 351 2053 es,
375 1993 400 2038 o
424 1965 558 2061 Aegeu.
1105 1965 1282 2060 Deinceps
1309 1967 1428 2046 vivom
1453 1989 1573 2060 neque
1588 1989 1633 2040 ex
1658 1981 1755 2033 noea

78 2068 157 2140 Mer.
189 2071 225 2141 Ο
246 2069 406 2164 Iupiter,
436 2083 473 2141 et
494 2071 652 2142 vindicta
672 2069 784 2158 lovis,
817 2071 999 2144 etlumen
1052 2068 1128 2143 805
1150 2071 1287 2164 Sponsa
1313 2071 1434 2164 gignet
1457 2069 1617 2164 aliquos,
1645 2077 1881 2159 posteaquam
1906 2053 2039 2129 malam

420 2173 526 2257 Solis,
1465 2171 1560 2240 male

51 2267 95 2344 775
107 2271 204 2350 Nunc
217 2276 399 2371 gloriosa
412 2276 747 2348 victricesmeocum
755 2275 999 2364 inimicorum,
1102 2277 1227 2348 Perire
1252 2277 1367 2368 ipsam
1391 2297 1533 2346 necesse
1556 2285 1609 2345 est
1629 2272 1720 2345 meis
1740 2263 1955 2364 pharmacis.
2074 2269 2077 2278 “

422 2403 447 2450 o
471 2379 621 2464 amicae,
1102 2380 1218 2451 Nemo
1242 2403 1301 2452 me
1325 2379 1494 2474 ignavam
1519 2389 1554 2448 et
1574 2374 1789 2446 imbecillem
1813 2367 2002 2447 existimet,

75 2473 220 2566 Erimus,
245 2495 286 2554 et
298 2481 486 2574 ingressae
508 2507 630 2556 sumus
650 2482 691 2556 iu
711 2483 821 2556 mem.
1101 2483 1227 2579 Neque
1252 2481 1505 2576 tranquillam,
1534 2482 1595 2554 sed
1619 2477 1767 2550 alterius
1788 2471 1938 2565 ingenii,

74 2575 135 2653 lam
155 2607 232 2678 spes
253 2597 311 2657 est
330 2607 431 2657 meos
456 2581 577 2658 hostes
597 2587 746 2658 daturos
764 2607 940 2680 poenam
1103 2589 1292 2671 „Gravem
1315 2585 1489 2670 inimicis,
1512 2597 1548 2655 et
1567 2583 1760 2675 benignam
1783 2576 1920 2648 amicis.

74 2679 130 2753 llic
149 2687 243 2758 enim
266 2688 348 2773 vir,
368 2689 431 2758 ubi
453 2689 608 2758 maxime
628 2690 896 2774 laborabamus,
1050 2691 1127 2763 810
1148 2689 1395 2777 „Huiusmodi
1410 2688 1506 2758 enim
1529 2682 1719 2758 hominurn
1739 2681 1813 2752 vita
1829 2693 1884 2754 est
1906 2670 2039 2770 670770·

73 2783 235 2879 Apparuit
255 2805 388 2884 portus
407 2811 571 2863 meorum
599 2794 845 2879 consiliorum,
1079 2815 1084 2822 ·
1457 2790 1608 2863 sissima.

41 2886 93 2958 770
110 2891 160 2962 Ab
173 2889 241 2964 boe
262 2897 524 2986 suspendemus
542 2896 733 2966 rudentem
755 2897 793 2967 in
812 2919 946 2991 puppe,
1102 2899 1200 2971 Olor.
1226 2895 1422 2992 Postquam
1437 2895 1543 2966 nobis
1562 2887 1836 2966 communicasti
1849 2884 1946 2960 hune
1965 2903 2039 2956 scr·

75 2989 134 3062 Ubi
155 2995 362 3067 venerimus
385 2997 424 3065 in
446 2999 572 3070 urbem
597 2997 766 3072 Palladis.
1460 3019 1622 3083 monem,

73 3088 135 3166 lam
159 3099 223 3170 tibi
244 3099 370 3170 omnia
393 3123 473 3169 mea
501 3100 648 3170 consilia
1098 3103 1232 3174 Volens
1255 3102 1321 3173 libi
1343 3103 1533 3194 prodesse,
1554 3113 1590 3171 et
1613 3098 1751 3192 legibus
1775 3089 1966 3164 hominum

72 3193 201 3284 Dicam;
227 3195 352 3296 accipe
374 3201 539 3274 insuaves
559 3199 627 3274 hos
648 3225 841 3276 sermones.
1098 3205 1329 3289 Auscultans,
1353 3201 1526 3285 dehortor
1545 3217 1580 3276 te
1603 3205 1649 3274 ab
1670 3198 1727 3273 his
1750 3193 1935 3270 iaciendis.

73 3295 205 3378 llittcns
228 3327 349 3378 unum
371 3327 414 3379 cx
437 3305 529 3377 mois
547 3309 680 3392 servis,
704 3321 745 3379 ut
765 3304 871 3379 lason
1098 3311 1193 3382 Med.
1216 3307 1301 3381 Non
1316 3308 1385 3378 erit
1407 3308 1527 3390 aliter;
1550 3307 1617 3378 tibi
1637 3308 1805 3400 ignosco,
1830 3299 1927 3396 quod
1945 3295 2035 3372 dicis

38 3395 93 3472 775
113 3403 238 3480 Veniat
257 3410 299 3479 in
312 3429 436 3482 meum
458 3422 708 3502 conspectum,
729 3409 933 3504 postulabo.
1048 3410 1123 3486 815
1147 3409 1236 3496 lsta,
1262 3436 1356 3508 quae
1377 3433 1453 3481 non
1476 3435 1517 3483 ea
1539 3412 1634 3482 mola
1661 3405 1814 3504 peteris,
1839 3425 1931 3498 quac
1956 3425 2035 3492 ego.

73 3501 223 3582 Venienti
247 3513 325 3605 ipsi
341 3511 459 3582 dicam
483 3512 647 3606 placidos
664 3533 861 3598 sermones,
1100 3519 1197 3590 Olor.
1210 3516 1269 3586 An
1287 3515 1434 3587 audebis
1447 3527 1529 3590 tuos
1543 3515 1676 3586 liberos
1691 3509 1866 3590 occidere,
1879 3500 2035 3578 mulier?

72 3606 165 3702 Quod
185 3612 281 3687 mihi
303 3617 429 3685 eadem
451 3615 637 3708 placeant,
661 3630 697 3688 et
720 3619 818 3714 qood
844 3617 935 3688 bene
958 3641 994 3686 se
1097 3621 1191 3691 Med.
1219 3617 1277 3688 Sic
1299 3617 1453 3690 maxime
1477 3617 1694 3691 cruciabitur
1718 3611 1882 3684 maritus.

189 3763 194 3772 ·
245 3779 255 3790 .
418 3713 577 3790 habeam
1100 3723 1196 3795 otor.
1223 3723 1281 3793 Tu
1302 3736 1425 3792 tamen
1447 3723 1556 3794 etiam
1580 3722 1653 3794 eris
1673 3719 1804 3791 misere
1827 3715 1968 3787 mulier.

69 3809 210 3909 Nuptiae
231 3821 372 3914 regiae,
400 3845 510 3916 quas,
531 3820 673 3915 prodite
696 3845 774 3905 me,
798 3817 918 3906 habet,
1097 3827 1192 3896 Med.
1217 3823 1315 3896 Esto.
1367 3825 1547 3918 Superflui
1569 3837 1653 3898 sunt
1676 3842 1859 3894 sermones
1877 3813 2022 3908 reliqui.

68 3913 108 3986 Et
128 3923 227 3994 utilia
251 3921 343 3995 haec
364 3947 439 3996 esse
463 3938 500 3996 et
521 3939 617 3997 recte
639 3925 746 3998 iacta.
1046 3929 1121 4002 820
1143 3925 1213 3996 Sed
1229 3951 1306 4019 age,
1321 3929 1423 4012 vade,
1440 3941 1476 3998 et
1491 3929 1659 4000 adducito
1675 3924 1853 4006 leronem,

37 4005 91 4086 uo
106 4020 247 4113 reram,
270 4039 312 4098 ue
333 4027 439 4100 lesen
461 4028 535 4098 mu
556 4039 744 4099 emunt:
816 4089 821 4094 .
1097 4029 1169 4122 (aa
1196 4031 1317 4100 omnia
1339 4031 1435 4100 enim
1458 4031 1576 4102 saera
1604 4041 1640 4100 n
1663 4026 1829 4120 uremur).

69 4117 141 4198 lion
161 4130 331 4202 relictura
354 4129 393 4199 in
416 4143 533 4215 terra,
556 4143 598 4202 ut
619 4143 792 4226 tauquam
815 4126 936 4200 hostes
1095 4127 1195 4203 Nihil
1220 4132 1315 4203 dices
1339 4157 1485 4218 eorum,
1507 4157 1601 4228 quoe
1622 4129 1776 4211 decrevi,

70 4221 285 4304 Contumelia
308 4233 465 4307 alliciant
480 4255 582 4306 meos
600 4233 735 4306 liberos
748 4233 886 4306 inimici
902 4233 992 4312 mei;
1095 4233 1133 4304 Si
1155 4233 1301 4330 quidem
1320 4235 1412 4306 bene
1434 4235 1488 4306 vis
1510 4236 1700 4318 dominae,
1722 4243 1757 4300 et
1778 4251 1815 4300 es
1835 4221 1978 4295 mulier.

70 4323 130 4403 Sed
151 4349 191 4407 ut
212 4338 297 4408 dolo
316 4337 426 4408 fillum
450 4336 544 4428 regis
564 4337 788 4422 Interimam,
1355 4366 1357 4370 ¹

68 4424 200 4508 Mittam
222 4461 303 4526 eos,
324 4436 498 4511 habentes
515 4441 614 4508 done
640 4439 679 4508 in
703 4439 882 4524 mamilius,
1391 4409 1594 4502 [Strepsa
1624 4409 1677 4496 ld

33 4519 91 4600 ⁷⁸5
103 4537 786 4637 Etiereritessponsae‚repellanturex
800 4539 991 4626 haeterra,
1098 4545 1196 4616 Olor.
1229 4541 1264 4613 0
1293 4545 1429 4638 posteri
1457 4545 1550 4636 regis
1579 4537 1792 4624 Erechthei,
1818 4539 1927 4628 longo
1958 4531 2031 4600 iam

73 4637 227 4722 lennem
249 4651 383 4718 vestem
406 4657 443 4716 et
465 4643 672 4715 inauratum
697 4637 914 4718 cincinnum.
1449 4660 1611 4740 tempore
1633 4646 1742 4730 beati,

67 4741 113 4818 lla
146 4749 177 4820 si
206 4763 398 4845 acceptum
431 4759 684 4822 oruamentum
718 4746 992 4818 circumdederit
1044 4743 1119 4820 825
1143 4744 1189 4816 Et
1211 4743 1274 4818 lilii
1299 4746 1487 4822 beatorum
1511 4749 1686 4834 Deorum,

399 4851 576 4946 corpori,
1094 4845 1166 4942 Qui
1193 4872 1315 4920 sacrae
1340 4845 1496 4944 regionis
1523 4849 1878 4948 inexpugnabilisque

67 4949 187 5028 Misere
202 4955 353 5052 peribit,
370 4968 405 5026 ct
421 4955 550 5040 omnis,
565 4953 627 5050 qui
642 4951 800 5045 attigerit
816 4951 990 5044 puellam,
1091 4950 1268 5022 Fruimini

67 5051 270 5132 Huiusmodi
291 5057 497 5154 pharmacis
518 5077 718 5153 perungam
740 5057 848 5126 dona.
1093 5051 1226 5150 Inclyta
1251 5056 1439 5148 sapientia,

31 5147 91 5226 790
113 5159 177 5234 llic
196 5165 283 5236 finio
305 5159 402 5236 hunc
422 5185 637 5234 sermonem.
1093 5155 1167 5254 Qui
1188 5183 1330 5250 semper
1352 5185 1418 5252 per
1439 5162 1698 5236 lucidissimum

68 5257 138 5336 lieu
157 5269 272 5364 qualis
290 5289 349 5340 res
370 5277 424 5336 est
442 5265 604 5336 facienda

69 5359 151 5438 Mihi
166 5369 275 5446 inde?
321 5367 540 5444 latericiam
561 5365 695 5443 liberos

70 5462 176 5558 Meos,
202 5499 307 5548 nemo
334 5483 402 5556 est,
426 5469 488 5566 qui
512 5469 625 5563 possit
648 5491 709 5539 eos
729 5463 884 5556 eriperet
1072 5421 1274 5546 oepup'ucuu]
1291 5436 1315 5536 .⁸
1335 5428 1419 5480 Μ
1438 5433 1466 5482 77
1487 5427 1744 5568 Μ”Ψωη
1779 5431 1877 5496 ''⁸⁶¹'’
1900 5443 1920 5482 ⁸
1936 5431 2030 5484 '¹¹¹⁰‘
