4844 6122
83 261 134 338 ss
254 217 406 336 xsvu
443 204 840 338 uruaraurarro
864 259 1043 338 oruata
1070 255 1460 356 ouiummuuu
1483 261 1770 380 rrosuuau
1794 267 1883 342 su.
1907 265 1967 344 u1.
2087 262 2157 347 st-

88 435 216 529 glorios
249 447 440 528 parentes,
474 459 515 505 ac
544 435 756 531 praecipue,
790 463 870 510 cum
899 437 1020 508 Venus
1052 446 1087 504 et

87 542 258 613 &turnus
271 537 468 609 infeliciter
480 541 589 631 positi
604 555 698 613 eunt.

183 675 244 746 Sin
261 688 389 746 autem
405 669 540 745 habent
556 677 722 762 comites,
749 704 824 748 non
840 677 984 774 quidem
999 701 1083 748 suae

94 793 250 863 naturae,
284 789 430 848 utcum
449 777 549 850 Mars
572 783 731 851 ascendit
752 795 832 875 post
847 781 989 866 Solem,
1022 794 1085 850 aut

98 883 256 954 Saturnus
267 895 359 976 post
376 879 537 962 Lunam;
565 895 628 952 aut
644 883 674 954 si
689 885 868 954 beneficae
885 885 1028 968 stellae,
1050 897 1085 953 et

107 997 270 1080 quaesunt
283 983 452 1056 eiusdem
470 985 706 1072 conditionis,
720 1013 794 1056 non
812 1001 895 1058 sunt
909 991 999 1059 bene
1019 1012 1083 1078 po-

113 1087 200 1172 sitae,
220 1087 352 1157 indicio
371 1101 478 1172 sunt,
505 1101 694 1182 parentum
711 1089 823 1161 vitam
849 1117 922 1164 esse
947 1089 1084 1161 medio-

110 1213 185 1258 crem
205 1205 235 1260 et
253 1191 505 1286 inaequalem.
564 1192 634 1262 Sed
659 1194 688 1264 si
709 1219 792 1288 pars
818 1197 1005 1280 fortunae,
1039 1193 1082 1262 de

103 1317 159 1390 qua
175 1307 290 1386 postea
312 1293 453 1378 dicam,
481 1297 648 1369 convenit
666 1324 745 1366 cum
763 1291 819 1368 bis
836 1296 965 1384 stellis,
991 1321 1082 1392 quae

100 1397 300 1468 comitantur
327 1393 449 1468 Solem
472 1411 533 1467 aut
559 1395 756 1486 Venerem,
788 1401 963 1494 recipient
983 1399 1080 1472 salva

100 1500 316 1591 patrimonia.
369 1499 435 1569 Sin
454 1514 573 1570 autem
596 1529 671 1572 non
696 1503 881 1594 congruit,
910 1515 972 1574 aut
995 1529 1082 1572 cou-

104 1603 193 1672 traria
207 1619 278 1689 est,
307 1615 373 1674 aut
387 1603 508 1674 nullae
525 1617 610 1676 sunt
624 1607 792 1692 comites,
818 1620 881 1678 aut
899 1617 982 1678 sunt
1004 1631 1083 1674 ma·
1104 1653 1105 1660 κ

102 1705 218 1792 lcficae,
242 1705 512 1802 patrimonium
529 1723 720 1802 parentum
735 1735 811 1778 non
827 1710 895 1780 erit
911 1711 960 1780 eis
983 1709 1083 1794 utile,

102 1811 267 1881 autetiam
281 1796 520 1882 ’damnosum

188 1948 239 2019 lle
257 1961 375 2019 aetate
392 1961 586 2040 pareutum
609 1949 780 2022 iudicium
804 1947 1006 2023 faciendum
1030 1964 1083 2022 est

105 2053 269 2142 expositu
280 2053 521 2143 planetarum.

206 2183 292 2252 Cum
309 2185 391 2255 enim
413 2184 552 2282 Iupiter
576 2178 638 2257 au't
653 2185 775 2259 Venus
796 2187 1083 2284 intuenturfau·

116 2297 166 2356 sto
184 2288 336 2380 adspectu
349 2289 469 2361 Solem
493 2301 557 2360 aut
578 2289 794 2376 Saturnum,
822 2305 885 2363 aut
905 2291 1083 2364 Saturnus

107 2387 209 2459 Solem
233 2391 382 2464 feliciter
412 2393 584 2484 adspicit,
618 2417 680 2464 seu
701 2394 912 2466 coniunctus
934 2397 987 2480 ei,
1020 2419 1083 2466 scu

104 2493 200 2562 nstili
210 2497 398 2588 adspectu,
424 2519 487 2566 seu
515 2496 680 2587 trigono,
715 2523 794 2568 cum
815 2522 890 2570 non
912 2511 997 2570 sunt
1018 2501 1083 2569 ab·

106 2593 170 2663 iscti
190 2597 224 2666 in
248 2601 339 2669 locis
361 2599 544 2670 infaustis:
581 2599 785 2670 coniectura
810 2615 881 2686 est,
914 2615 1080 2696 parentes

101 2697 164 2768 fore
178 2700 385 2794 longaevos.
438 2701 547 2771 Secus
569 2715 621 2772 est
643 2715 783 2790 autem,
815 2706 846 2777 si
868 2705 1002 2777 fuerint
1028 2706 1084 2776 in·

99 2799 193 2888 fimi,
215 2805 352 2874 abiecti
370 2803 408 2872 in
424 2804 512 2876 locis
525 2805 699 2878 infaustis.
742 2808 868 2904 Neque
881 2823 1002 2881 tamen
1017 2813 1084 2881 ad·

98 2907 223 2977 modum
246 2909 322 2978 cito
341 2907 596 2998 extinguentur
612 2923 791 3002 parentes.

177 3043 249 3115 Sed
264 3041 297 3116 si
315 3067 418 3114 secus
432 3041 501 3112 erit
513 3056 549 3112 et
565 3043 664 3116 Mars
680 3046 878 3118 elevabitur
894 3073 1002 3142 supra
1018 3051 1084 3125 So·

94 3143 155 3214 lem
180 3161 239 3218 sut
259 3147 485 3230 Saturnum,
517 3160 578 3216 aut
608 3149 774 3220 ascendet
800 3165 882 3242 post
907 3176 985 3235 eos;
1022 3169 1086 3228 aut

94 3245 253 3323 Saturnus
271 3274 352 3320 non
374 3262 547 3342 congruet
570 3276 649 3321 cum
666 3251 768 3337 Sole,
800 3256 863 3324 sed
885 3269 949 3326 aut
971 3283 1084 3352 oppo-

90 3349 165 3424 situs
179 3369 253 3446 est,
280 3366 347 3424 aut
365 3355 543 3447 quadrato
561 3356 730 3448 adspectu
744 3383 824 3428 eum
844 3358 1016 3452 adspicit,
1049 3375 1085 3432 et

90 3459 215 3527 suntin
241 3455 332 3528 locis
357 3455 585 3544 cadentibus,
610 3459 812 3552 significant
835 3477 1001 3556 parentes
1024 3467 1084 3536 de·

89 3557 177 3630 biles.

180 3679 253 3748 Sed
272 3679 304 3748 si
319 3678 394 3750 sint
409 3677 448 3748 in
465 3679 687 3769 cardinibus,
721 3697 784 3754 aut
805 3685 843 3755 in
867 3689 1084 3758 succedenti·

87 3775 147 3848 bus
164 3782 356 3866 domibus,
381 3781 584 3872 significant
600 3799 767 3876 parentes
789 3789 867 3861 fore
890 3791 1009 3862 brevis
1031 3794 1083 3862 vi·

88 3893 160 3968 tae,
194 3897 258 3956 aut
284 3885 390 3956 certis
416 3885 553 3956 morbis
575 3889 831 3964 conflictantes.
891 3893 930 3965 Si
951 3897 1023 3966 siut
1044 3897 1083 3966 in

86 3984 213 4073 primis
228 3987 452 4070 cardinibus,
485 3989 650 4062 videlicet
666 3993 703 4064 in
725 3989 930 4088 horoscopo
954 4013 990 4072 et
1009 4025 1083 4070 me·

90 4085 151 4154 dio
190 4089 276 4156 coeti
305 4104 339 4162 ct
373 4091 462 4162 locis
493 4096 784 4182 succedentibus,
825 4113 932 4172 eruut
964 4104 1084 4176 brevis

87 4189 196 4260 vitae.

188 4309 280 4380 Nasu
309 4313 409 4384 Mars
434 4315 635 4408 adspiciens
660 4317 801 4402 Solem,
841 4335 882 4392 ut
915 4323 1082 4410 dirimere,

87 4413 154 4482 cito
168 4428 272 4484 uerat
286 4430 472 4506 parentes,
498 4431 561 4486 aut
582 4419 693 4490 laedit
715 4424 849 4496 oculos.
908 4427 977 4498 Sed
1000 4453 1082 4499 cum

87 4512 279 4588 Saturnum
299 4519 470 4611 adspicit,
497 4523 613 4592 autin
629 4538 803 4610 mortem,
830 4541 893 4600 aut
912 4530 950 4599 in
968 4533 1083 4624 putri-

86 4619 147 4688 dass
160 4619 296 4704 febres,
324 4623 440 4692 autin
457 4624 632 4704 laesiones
647 4651 712 4718 per
738 4631 885 4704 vulnera
910 4645 947 4707 et
970 4637 1082 4706 ustio·

88 4745 148 4792 nes
165 4725 323 4796 coniicit.
375 4727 448 4796 sert
462 4752 543 4798 cum
562 4728 739 4805 Saturnus
756 4736 907 4826 adspicit
926 4738 1083 4810 infelici·

86 4837 139 4894 ter
154 4827 298 4912 Solem,
324 4829 442 4898 adfert
457 4844 611 4904 mortem
629 4835 724 4924 patri
741 4861 805 4928 per
827 4841 993 4925 morbos,
1020 4856 1084 4914 aut

87 4951 149 5016 per
167 4931 346 5002 malorum
364 4925 557 5004 humorum
575 4937 813 5014 collectiones.

187 5067 242 5138 De
257 5079 374 5138 matre
396 5093 502 5154 vero,
529 5073 559 5144 si
573 5069 709 5167 Iupiter
723 5075 864 5148 Lunam
887 5093 950 5150 aut
965 5079 1081 5153 Vene-

86 5189 160 5238 πει
178 5171 306 5268 aliquo
315 5175 425 5242 cnudo
451 5177 673 5268 adspexerit,
705 5193 767 5251 aut
782 5179 904 5254 Venus
927 5185 1081 5280 adspicit

85 5266 224 5345 tanam
254 5273 373 5347 sextili
402 5290 464 5346 aut
493 5279 638 5372 trigono
663 5285 852 5376 adspectu,
888 5299 950 5357 aut
972 5291 1080 5361 estei

84 5373 223 5462 iners,
248 5403 333 5450 curn
350 5391 436 5452 suast
448 5381 487 5451 in
503 5383 589 5453 locis
607 5384 752 5470 faustis,
778 5389 979 5481 significant
1004 5416 1079 5462 ma-

86 5489 176 5548 trem
199 5483 279 5554 fore
304 5483 529 5571 longaevam.
580 5485 650 5557 Sed
670 5490 699 5561 si
721 5489 819 5564 Mars
842 5493 992 5586 adspicit
1006 5493 1079 5568 lm-

145 5595 329 5666 ursam.
346 5595 453 5662 om
483 5599 569 5665 Vol..
586 5602 709 5670 XVlll.

1138 457 1224 504 nam
1251 449 1314 506 aut
1338 435 1536 525 Venerem,
1567 441 1758 512 succedens
1782 444 1837 528 ei,
1871 457 1934 514 aut
1958 447 2136 540 quadrato

1138 539 1309 632 adspectu
1339 539 1503 628 intuens,
1547 545 1604 614 vel
1629 545 1832 636 oppositus;
1871 561 1937 618 aut
1960 549 2137 622 Saturnus

1135 641 1253 714 Solam
1275 641 1429 730 Lunam,
1453 647 1503 718 sic
1532 649 1701 740 adspicit,
1737 674 1818 719 cum
1850 664 1934 720 sunt
1964 654 2136 725 diminuti

1137 770 1265 830 cursu,
1292 747 1405 818 autin
1421 751 1588 822 domibus
1605 751 1831 837 cadentibus,
1846 755 2043 829 coniiciunt
2059 783 2137 828 ms-

1137 861 1229 920 trem
1262 851 1301 920 in
1330 853 1487 924 morbos·
1507 867 1646 924 tantum
1670 868 1706 924 et
1728 855 2000 935 imbecillitates.
2066 863 2138 934 Sed

1136 977 1218 1027 cum
1235 967 1320 1026 suut
1334 957 1429 1026 aucti
1445 981 1571 1040 cursu,
1603 958 1661 1026 rel
1683 960 1721 1028 iu
1745 961 1970 1048 cardinibus,
2002 965 2137 1058 signifi.

1136 1069 1220 1126 cant
1235 1058 1381 1128 brevem
1408 1061 1520 1130 vitam
1546 1061 1740 1145 matribus,
1766 1077 1828 1134 aut
1847 1064 2050 1156 significant
2073 1071 2137 1140 ob—

1135 1161 1262 1232 noxias
1276 1162 1354 1232 fore
1371 1163 1518 1234 sonticis
1539 1166 1687 1236 morbis.
1740 1165 1844 1238 Tunc
1865 1170 1961 1240 enim
1987 1185 2135 1264 portast*

1135 1263 1227 1332 dunt
1238 1265 1384 1334 brevem
1401 1265 1533 1348 vitam,
1563 1291 1642 1338 cum
1657 1281 1742 1338 suut
1764 1270 1802 1340 in
1826 1271 1984 1359 oriente,
2011 1289 2079 1346 ,ant
2097 1277 2137 1346 in

1135 1369 1404 1440 succedentibus
1420 1371 1605 1451 domibus;
1632 1373 1692 1444 sed
1706 1375 1836 1444 sontici
1854 1378 2137 1469 morbiporten·

1135 1471 1291 1555 duntur,
1325 1493 1405 1542 cum
1430 1472 1483 1540 illi
1506 1487 1591 1544 sunt
1614 1475 1653 1572 ip
1679 1476 1874 1548 occidente.
1926 1480 2021 1552 Nam
2037 1483 2137 1556 Mars

1133 1573 1185 1644 sic
1201 1571 1402 1665 adspiciens
1417 1573 1559 1646 Lunam
1579 1579 1734 1670 positam
1750 1581 1789 1650 in
1806 1580 1977 1669 Oriente,
2003 1587 2138 1678 signifi·

1135 1687 1193 1744 cat
1222 1676 1358 1766 subitas
1383 1693 1519 1750 mortes
1551 1695 1706 1754 matrum
1738 1695 1775 1754 et
1798 1687 1947 1758 vtslnera
1973 1689 2012 1758 in
2032 1691 2136 1764 facies

1134 1776 1205 1848 Sed
1228 1779 1260 1850 si
1283 1781 1487 1874 adspexerit
1507 1782 1648 1854 Lunam
1680 1786 1958 1874 occidentalem,
1998 1806 2136 1868 mortes

1135 1882 1252 1951 adfert
1282 1908 1347 1974 per
1371 1886 1519 1956 abortus
1543 1899 1579 1956 et
1599 1889 1706 1972 talia,
1748 1903 1785 1960 et
1809 1891 2046 1968 lacerationes
2072 1907 2136 1970 aut

1134 1983 1294 2056 ustiones
1309 1988 1484 2078 corporis.
1532 1989 1623 2062 Cum
1640 2003 1759 2062 autem
1778 1997 1929 2088 adspicit
1945 1999 2136 2086 Venerem,

1135 2088 1251 2158 adfert
1266 2089 1390 2160 letales
1409 2091 1546 2176 febres,
1574 2106 1611 2164 et
1631 2099 1779 2168 morbos
1802 2123 1844 2168 ex
1870 2102 2031 2174 obscenis
2055 2127 2137 2176 can·

1134 2189 1202 2275 sis,
1229 2203 1265 2262 et
1280 2193 1450 2284 caligines
1467 2207 1502 2264 et
1517 2197 1654 2270 subitas
1669 2201 1925 2292 aegritudines.

1238 2325 1329 2399 Cum
1345 2343 1465 2401 autem
1475 2327 1651 2405 Saturnus
1665 2337 1816 2428 adspicit
1824 2338 1966 2412 Lunam
1978 2398 1988 2428 ,
2002 2345 2138 2438 signifi-

1135 2443 1191 2499 cat
1215 2443 1370 2502 mortem
1400 2447 1435 2504 et
1458 2438 1616 2509 morbos.
1670 2439 1761 2510 Cum
1788 2443 1882 2511 enim
1899 2443 2003 2518 Luna
2028 2448 2138 2520 estin

1134 2531 1302 2633 Oriente,
1335 2538 1510 2629 significat
1523 2541 1685 2632 putridas
1707 2543 1840 2626 febres;
1868 2569 1947 2616 cum
1966 2547 2069 2622 Luna
2086 2565 2139 2628 est

1134 2637 1173 2706 in
1197 2661 1344 2724 occasu,
1379 2640 1556 2732 siguificat
1580 2647 1727 2717 morbos
1751 2647 1844 2717 uteri
1869 2661 1904 2719 et
1927 2657 2136 2726 arrodentes

1135 2741 1263 2814 fluxus.

1239 2861 1309 2932 Sed
1326 2861 1372 2932 ad
1389 2861 1625 2954 singularium
1651 2870 1914 2964 praedictiones
1934 2877 1978 2946 de
2000 2879 2137 2956 morbis

1137 2967 1270 3038 assumi
1286 2965 1393 3035 etiam
1410 2967 1516 3038 debet
1532 2971 1717 3064 signorum
1741 2979 1916 3072 qualitas,
1947 2982 2137 3080 inquibus

1136 3081 1220 3141 sunt
1233 3069 1419 3162 planetae,
1447 3071 1510 3168 qui
1527 3087 1611 3144 sunt
1626 3089 1769 3151 autores
1785 3083 2016 3157 morborum:
2045 3115 2137 3185 quae

1137 3171 1175 3242 in
1192 3171 1268 3264 ipsa
1286 3173 1476 3246 nativitate
1492 3180 1858 3280 commodiusinquiri
1870 3199 1998 3280 potest.
2028 3191 2138 3273 Prae7

1136 3289 1232 3345 terea
1259 3276 1317 3344 die
1342 3279 1455 3369 magis
1479 3279 1598 3351 Solem
1625 3297 1656 3353 et
1684 3283 1885 3376 Venerem,
1919 3307 2024 3364 nocte
2050 3323 2136 3383 vero

1136 3376 1333 3449 Saturnum
1351 3394 1386 3450 et
1402 3382 1545 3454 Lunam
1564 3389 1677 3479 magis
1699 3391 1995 3468 observabimus.'

1239 3499 1434 3596 Reliquum
1460 3517 1513 3574 est
1538 3521 1656 3583 autem
1684 3509 1721 3580 in
1748 3515 1959 3604 particulari
1984 3519 2134 3616 inquisi·
2164 3581 2168 3590 .

1054 3621 1057 3628 ·
1137 3603 1256 3688 tione,
1274 3617 1315 3676 ut
1330 3620 1494 3678 sumatur
1508 3609 1728 3701 significator
1742 3619 1911 3712 proprius
1929 3625 2054 3698 matris
2073 3639 2136 3698 aut

1136 3709 1269 3800 patris,
1296 3721 1331 3776 et
1344 3724 1501 3802 ponatur
1514 3715 1564 3782 .in
1589 3711 1792 3814 horoscopo
1817 3735 1989 3820 tanquam
2013 3729 2052 3798 in
2076 3755 2136 3822 ge·

1135 3811 1213 3882 nesi
1227 3826 1439 3904 parentum,
1464 3829 1500 3886 et
1517 3817 1600 3888 inde
1617 3821 1776 3920 reliquae
1793 3831 1920 3900 doinus
1944 3843 1979 3900 et
1998 3833 2135 3924 praeci·

1135 3941 1228 4008 puae
1242 3915 1521 4008 significationes
1534 3925 1811 4000 constituantur.

1237 4035 1427 4108 Caeterum
1464 4035 1579 4110 ethic
1602 4057 1636 4116 et
1661 4047 1746 4116 alibi
1770 4073 1911 4142 semper
1935 4055 2058 4144 regula
2083 4067 2134 4126 te·

1135 4140 1253 4208 nenda
1272 4153 1325 4209 est
1339 4141 1384 4213 de
1401 4143 1624 4234 planetarum
1642 4149 1827 4224 mixtione.
1860 4153 1898 4224 Si
1916 4157 2035 4247 plures
2050 4173 2134 4232 sunt

1135 4242 1301 4334 planetae
1320 4257 1355 4312 et
1375 4246 1536 4318 diversae
1560 4264 1711 4322 naturae
1736 4257 1774 4340 in
1793 4257 1874 4328 loco
1898 4259 2133 4352 significante,

1135 4349 1381 4440 quaerendum
1400 4363 1472 4432 est,
1499 4351 1598 4424 cuius
1615 4354 1727 4428 virtus
1741 4359 1844 4449 plura
1862 4357 1992 4434 babeat
2006 4367 2134 4442 suffra·

1135 4449 1212 4539 gia;
1256 4462 1318 4518 aut
1342 4450 1370 4519 si
1395 4465 1480 4522 sunt
1512 4457 1675 4549 aequalia
1706 4463 1896 4552 suffragia,
1930 4468 2059 4544 mixtas
2091 4495 2134 4543 ex
2230 4527 2236 4540 .

1135 4551 1221 4643 ipsis
1237 4551 1426 4644 qualitates
1444 4560 1698 4630 convenienter
1715 4566 1983 4642 ratiocinemur.

1237 4671 1306 4741 Sed
1335 4673 1366 4742 si
1396 4674 1554 4758 datam,
1588 4681 1996 4780 acuituamucsingutis
2019 4708 2131 4765 certo·

1135 4799 1215 4844 rum
1232 4788 1436 4866 temporum
1459 4794 1637 4876 eventus:¹
1658 4786 1797 4878 priores
1818 4792 2031 4878 matutinis,
2059 4809 2132 4868 tar·

1135 4877 1253 4948 diores
1271 4880 1493 4970 vespertinis.
1544 4881 1693 4957 Necesse
1713 4903 1765 4960 est
1781 4905 1920 4980 audem,
1946 4895 2067 4978 statim
2086 4901 2131 4970 ab

1135 4979 1239 5049 initio
1257 5003 1454 5072 congruere
1471 4987 1590 5058 stellas
1613 4989 1684 5060 loci
1707 4994 1879 5086 quaesiti,
1905 5011 1940 5068 ct
1963 4996 2131 5096 caeteras,

1134 5107 1226 5180 quae
1249 5082 1483 5178 principalem
1508 5089 1579 5159 vim
1604 5087 1750 5167 babent.
1800 5097 1848 5168 Et
1872 5129 1964 5196 quae
1986 5126 2060 5178 non
2085 5108 2131 5178 ab

1133 5185 1238 5256 initio
1266 5189 1452 5278 congruit,
1486 5193 1622 5264 nullam
1653 5195 1724 5268 vim
1757 5193 1877 5276 habet.
1935 5196 2130 5299 sto'vero

1133 5303 1294 5383 tempore
1311 5305 1459 5364 everstus
1472 5297 1614 5370 futurus
1628 5301 1693 5386 sit,
1720 5325 1794 5373 non
1811 5307 1926 5382 solum
1945 5335 1986 5380 ex
1996 5312 2130 5406 signifi-

1132 5403 1253 5466 catorc
1268 5393 1440 5480 sciemus,
1470 5401 1654 5474 sedetiam
1679 5429 1720 5476 ex
1743 5409 1863 5499 positu
1885 5413 1930 5484 acl
1949 5410 2069 5490 Solem
2094 5431 2129 5488 et

1137 5495 1276 5590 angulis
1293 5497 1430 5570 mundi.

1513 5599 1539 5676 5
