4844 6122
1140 400 1256 564 il

1141 569 1175 1158 Οεοῠουομουωου

1234 1081 1258 1144 οι
1233 911 1257 1060 ωσι
1233 826 1258 890 Φ
1232 569 1257 804 αωο-

1148 1163 1175 1239 o
1234 1165 1256 1229 5

1142 1247 1175 1326 (l
1234 1252 1258 1314 s

1149 1335 1175 1410 b
1234 1337 1267 1402 4.

367 1461 544 1538 Nonnulli
564 1459 674 1529 etiam
697 1459 822 1532 exilius
845 1460 972 1554 partiti
997 1471 1081 1530 suut
1103 1456 1268 1528 domina-

263 1566 406 1637 tionum
433 1566 534 1646 iura,
565 1576 814 1660 vocacuutque
839 1566 939 1634 locos
963 1575 998 1632 et
1023 1574 1155 1654 partes.
1215 1561 1268 1628 Ac

266 1667 384 1740 locum
415 1668 645 1738 tradiderunt
668 1691 742 1736 esse
768 1667 1051 1760 uniuscuiusque
1070 1663 1164 1754 signi
1184 1687 1268 1754 por·

265 1773 400 1846 tionem
421 1769 692 1853 duodecimam,
725 1769 759 1837 id
787 1783 858 1856 est,
890 1772 1022 1862 gradus
1040 1771 1131 1838 duos
1157 1779 1193 1833 et
1215 1764 1268 1832 di-

265 1869 430 1946 midium.
484 1875 574 1945 Cum
600 1871 695 1942 enim
720 1871 897 1966 incipiant
924 1896 943 1940 a
970 1871 1094 1964 signo,
1130 1869 1267 1960 inquo

266 1991 319 2049 est
346 1979 466 2061 stella,
507 1977 673 2046 tribuunt
696 1975 769 2044 vim
790 1975 843 2044 illi
867 1975 948 2044 loco
975 1973 1012 2042 in
1037 1969 1268 2066 sequentibus

266 2081 389 2174 signis.
429 2079 501 2149 Atii
519 2079 768 2172 excogitarunt
783 2079 871 2151 alias
891 2077 1175 2158 distributiones,
1191 2071 1268 2142 sine

265 2185 420 2255 ratione.
471 2184 598 2253 Partes
623 2206 709 2250 vero
729 2182 894 2254 tribuunt
919 2181 956 2250 in
981 2177 1142 2276 quolibet
1164 2175 1267 2266 signo

270 2289 315 2358 ab
329 2285 433 2356 initio
451 2285 595 2357 cuilibet
612 2285 799 2380 planetae,
825 2285 922 2356 iuxta
951 2281 1116 2354 ordinem
1140 2279 1268 2350 finium

271 2393 415 2464 tabulae
429 2385 655 2462 Chaldaicos.
951 2452 955 2461 ,

370 2495 438 2564 Sed
469 2489 556 2564 haec
588 2495 634 2564 ad
665 2470 1193 2578 ostentationem'excogitata‚
1233 2495 1269 2553 et

268 2597 506 2692 plausibiliter
521 2595 730 2690 proposita,
757 2593 834 2664 sine
857 2587 1002 2710 physipa
1026 2590 1187 2672 ratione,
1212 2611 1268 2656 re-

266 2701 486 2796 linquamus.
537 2697 629 2769 lllud
653 2721 759 2782 vero,
797 2698 894 2790 quod
918 2719 1008 2766 serre
1030 2693 1179 2786 dignum
1204 2703 1269 2774 est,

266 2827 344 2874 non
374 2803 583 2888 omittatur,
624 2812 903 2872 consentaneum
929 2823 1003 2870 esse
1026 2793 1182 2882 rationi,
1221 2791 1268 2864 si·

267 2931 421 3000 gnorum
444 2907 547 2976 initia
573 2907 619 2975 ab
641 2903 953 3000 aequinoctiorum
975 2915 1010 2972 et
1029 2897 1267 2982 solstitiorum

266 3009 409 3104 punctis
442 3005 633 3095 inchoare,
668 3008 777 3104 idque
800 3005 992 3100 scriptores
1019 3005 1266 3076 ostenderunt.

267 3111 316 3188 Et
333 3115 494 3184 videmus
510 3127 678 3196 naturas,
705 3111 800 3182 vires
815 3125 849 3182 et
865 3104 1129 3180 familiaritates
1149 3105 1267 3178 stella-

267 3221 349 3290 r'um
360 3243 502 3290 causam
520 3242 661 3289 sumere
679 3243 697 3286 a
715 3215 952 3288 solstitiorum
969 3227 1005 3284 et
1020 3207 1267 3306 aequinoctio-

265 3347 347 3394 rum
366 3321 498 3408 initiis,
531 3335 567 3390 et
582 3345 657 3392 non
674 3321 832 3392 aliunde.
885 3315 993 3410 Quod
1015 3313 1046 3386 si
1072 3313 1140 3384 alia
1163 3311 1265 3380 initia

267 3425 579 3510 constituerimus,
608 3437 671 3495 aut
693 3423 793 3516 signa
816 3447 834 3490 a
862 3419 1003 3492 iudiciis
1026 3417 1266 3499 excludemus,

267 3543 330 3600 aut
343 3530 374 3601 si
395 3529 695 3620 complectemur,
730 3523 950 3608 errabimus,
986 3547 1067 3592 cum
1090 3521 1162 3588 iam
1186 3541 1266 3610 spa·

266 3633 337 3719 tia,
364 3657 384 3704 a
402 3632 532 3726 quibus
546 3633 646 3724 signa
668 3631 763 3702 vires
776 3640 942 3710 sumunt,
974 3637 1073 3695 retro
1088 3635 1166 3692 acta
1182 3621 1267 3693 sint.

270 1342 299 1424 >e
263 1277 305 1318 a
255 403 303 1240 δ-ΜΞΊὲν-ἓεὸωπεοε-ι
257 223 310 316 ε

371 999 408 1422 -ιοοι-ιο-Γ-’,οψ
368 913 402 986 ἐπ’
369 408 404 902 incestos-nolo&

469 399 497 1318 mammosa-eaquae
461 248 480 310 '—-

534 397 598 1328 -ιαία-ιό-Ιὲειοίο-ὶα-Ρέ-Γ-’ςαιιο

661 401 690 1402 oeaffleaoeextebQ-QQQQ
634 299 639 306 ·

754 921 791 1416 -ια-ιο-Γ-ἀα-ιο-Γέ
754 397 807 905 &acieque-1:240:

856 398 881 1404 QQQG’UQQQUOQQQQ

949 1167 983 1416 Osa-⁸²0>-
948 657 982 1156 &mmet-⁸:240
949 399 982 644 <rt-<³⁹02-

473 1339 497 1404 ω

564 1345 596 1416 ..μ

300 3835 356 3914 Βὲ
367 3865 432 3914 sua
445 3845 605 3935 astamus
619 3840 734 3910 stetim
744 3836 855 3928 facie,
889 3835 1062 3926 carpentis
1078 3855 1121 3902 ac
1133 3831 1242 3902 soliis.

368 3991 648 4064 Familiaritates
663 3990 845 4061 stellarum
866 4002 901 4061 et
916 3989 1101 4082 signorum
1118 3983 1194 4057 lere
1216 3993 1270 4052 tas

268 4097 320 4192 les
348 4111 452 4182 sunt,
487 4111 527 4168 ut
557 4094 717 4190 exposui.
778 4093 958 4167 Dicuntur
991 4102 1109 4160 autem
1138 4086 1266 4158 laciem

267 4226 369 4274 suam
386 4195 539 4282 habere,
566 4189 713 4296 quando
731 4210 872 4268 tantum
890 4209 943 4268 est
960 4193 1189 4268 intervallum
1213 4187 1268 4258 in-

269 4317 324 4378 ter
337 4303 518 4398 planetam
538 4299 572 4374 et
588 4299 708 4372 Solem
734 4315 796 4377 aut
811 4297 974 4384 Lunam,
1016 4309 1190 4392 quantum
1214 4293 1268 4362 di-

269 4423 339 4483 stat
354 4409 484 4480 domus
497 4405 662 4500 planetae
680 4431 701 4480 a
716 4407 826 4478 domo
844 4405 937 4478 Solis
953 4413 1016 4474 aut
1029 4397 1167 4472 Lunae·
1218 4393 1270 4464 Ut

268 4507 369 4588 v'erbi
387 4537 513 4596 causa,
540 4536 619 4580 cum
639 4507 760 4582 Venus
776 4499 1267 4606 sexangulagcouliguratione

269 4616 419 4690 distata
444 4613 660 4700 luminibus,
686 4617 747 4684 sed
771 4613 817 4684 sit
841 4637 922 4684 cum
947 4609 1029 4680 Sole
1052 4603 1269 4700 vespertina,

271 4746 351 4816 curn
367 4715 471 4791 Luna
490 4743 578 4790 vero
602 4715 803 4802 matutina,
826 4729 868 4788 ut
891 4711 1057 4806 congruit
1076 4703 1269 4780 domiciliis

271 4847 409 4898 eorum.

288 4910 292 4926 ⁶
372 4923 553 5001 Dicuntur
568 4935 689 4994 actem
704 4919 743 4990 in
758 4921 831 4994 suis
852 4917 1029 5012 carpentis
1051 4905 1135 4986 uehi
1156 4924 1191 4982 et
1212 4935 1269 4984 so-

268 5023 344 5118 liis,
370 5031 518 5128 quando
533 5026 590 5099 ins
604 5019 858 5101 familiaritatis
872 5024 910 5094 in
926 5023 970 5094 iis
990 5021 1098 5106 locis,
1128 5017 1167 5086 in
1189 5012 1268 5114 qui-

1272 5155 1280 5196 l

724 247 731 260 ·
846 225 1723 312 muramustttltttaenffiotoelca

2261 241 2316 321 86

1315 407 1499 490 bossunt,
1535 424 1721 495 exercent,
1750 414 1892 486 duobus
1914 429 1976 486 aut
1995 419 2159 512 pluribus
2182 421 2314 493 modis.

1318 507 1406 588 Cum
1418 509 1513 580 enim
1530 524 1616 584 tunc
1630 515 1785 590 inaximo
1804 519 1961 590 eslicaces
1977 523 2049 593 sint
2064 537 2214 618 propter
2230 550 2315 595 con·

1319 611 1557 698 senientiam,
1591 617 1762 690 auxilium
1785 633 1820 688 et
1842 625 2091 714 cognationem
2116 629 2316 720 signorum,

1318 713 1487 785 dicuntur
1501 716 1538 785 in
1553 718 1625 790 suis
1641 719 1739 792 soliis
1762 724 1933 812 cottaeari
1957 752 1998 797 ac
2019 730 2164 824 fulgere.
2218 733 2316 803 Gau-

1318 815 1402 889 dere
1431 818 1540 890 etiam
1570 823 1707 894 stellam
1737 823 1879 912 dicunt,
1913 855 1992 900 cum
2022 833 2139 920 locus,
2175 835 2316 908 etiamsi

1319 912 1386 1012 ipsi
1404 945 1478 990 non
1497 936 1550 994 est
1566 922 1752 1018 proprius,
1776 943 1898 1003 tamea
1917 933 2019 1004 alteri
2036 951 2188 1028 cognato
2210 937 2317 1008 fami·

1319 1021 1418 1106 liaris
1433 1036 1496 1096 est.
1550 1025 1653 1118 Quae
1671 1033 1920 1106 convenientia
1946 1037 2086 1109 etiamsi
2111 1041 2317 1130 erlongin-

1320 1125 1400 1218 quis
1415 1127 1578 1212 ducitur,
1602 1143 1723 1201 tamen
1740 1145 1890 1227 propter
1913 1138 2183 1210 similitudinem
2207 1167 2319 1234 quae·

1321 1231 1405 1300 dam
1423 1243 1476 1299 est
1490 1235 1781 1308 communicatio.
1815 1238 1950 1308 Contra
1966 1264 2052 1310 sero
2070 1241 2109 1312 in
2126 1245 2317 1312 contrariis

1320 1332 1427 1415 locis,
1460 1336 1649 1425 peculiaris
1667 1337 1790 1410 earum
1808 1341 1863 1412 vis
1877 1345 1916 1410 fit
1929 1343 2106 1430 dilutior,
2139 1343 2222 1438 quia
2245 1345 2317 1416 dis-

1320 1433 1453 1508 similes
1484 1450 1635 1511 naturae
1667 1438 1914 1516 confusionem
1935 1457 2315 1538 -temperamentorum

1320 1535 1513 1608 infaustam
1531 1543 1699 1612 efficiunt.

1506 1731 1565 1816 De
1579 1747 1860 1836 applicationibus
1872 1757 1906 1820 et
1917 1749 2122 1839 deflucilus.

1421 1896 1467 1970 In
1478 1899 1687 1972 universum
1712 1900 1944 1993 intelligimus
1969 1905 2143 1998 applicari
2166 1930 2320 2000 sequen-

1321 2003 1416 2076 tibus
1440 2005 1711 2094 praecedentes,
1736 2004 1892 2079 defluere
1917 2031 2003 2078 vero
2027 2029 2048 2081 a
2071 2011 2323 2100 praecedenti-

1319 2107 1386 2178 bus
1399 2118 1604 2202 sequentes;
1626 2107 1773 2190 sedita,
1790 2132 1837 2176 ne
1850 2109 1897 2180 sit
1908 2108 2057 2201 longum
2074 2111 2321 2186 intervallum.

1321 2208 1430 2302 Quod
1451 2209 1662 2300 intelligitur
1691 2221 1726 2280 et
1746 2209 1786 2282 in
1806 2213 1989 2304 corporeis
2012 2217 2259 2306 congressibus
2282 2229 2323 2288 et

1321 2313 1360 2382 in
1376 2313 1739 2404 configurationibus,
1764 2313 1835 2384 nisi
1850 2318 1949 2408 quod
1963 2317 2002 2386 in
2026 2319 2208 2410 corporeis
2231 2331 2326 2390 con·

1320 2415 1497 2513 gressibus
1513 2416 1621 2489 etiam
1639 2417 1847 2489 latitudines
1863 2419 1984 2488 notari
2001 2422 2180 2493 convenit.
2231 2423 2325 2497 Non

1321 2519 1418 2592 enirn
1436 2519 1678 2604 admittimus,
1704 2520 1773 2592 nisi
1792 2545 1854 2592 eoa
1876 2547 2106 2613 congressio,
2141 2525 2203 2618 qui
2225 2527 2320 2596 liunt

1320 2647 1385 2716 per
1414 2623 1570 2694 mediam
1602 2624 1754 2707 lineam,
1787 2625 1886 2718 quod
1913 2626 1952 2696 iu
1974 2628 2319 2718 configurationibus

1321 2728 1511 2798 observare
1525 2747 1790 2818 supervacuum
1805 2739 1877 2810 cst,
1903 2753 1983 2800 cum
1998 2729 2092 2820 radii
2113 2732 2160 2804 ad
2182 2743 2319 2802 terram

1321 2832 1379 2902 vel
1393 2831 1440 2900 ad
1456 2842 1619 2900 centrum
1640 2831 1845 2916 tendentes,
1869 2831 1921 2900 ibi
1943 2846 2181 2921 concurrant,
2204 2837 2319 2906 unde-

1322 2957 1465 3028 cunque
1480 2933 1581 3004 missi
1596 2945 1692 3006 sunt.

1647 3139 1995 3232 Epilogus

1422 3293 1476 3365 Ex
1489 3287 1547 3364 his
1570 3291 1737 3364 omnibus
1759 3295 1987 3388 perspicuum
2012 3307 2083 3379 est,
2119 3296 2213 3367 vires
2236 3297 2319 3368 stel-

1320 3399 1438 3468 larum
1462 3397 1655 3468 sumendas
1679 3418 1772 3481 esse,
1807 3423 1886 3468 cum
1911 3421 1930 3467 a
1957 3399 2105 3493 propria
2132 3400 2320 3495 qualitate,

1320 3515 1397 3571 tum
1415 3525 1434 3570 a
1450 3499 1578 3592 signis,
1610 3513 1729 3570 tuma
1754 3501 1874 3594 positu
1901 3503 1946 3571 ad
1968 3502 2086 3574 Solem
2104 3501 2160 3602 ⁹),
2192 3516 2270 3574 tum
2295 3529 2323 3576 a

1320 3605 1543 3688 cardinibus,
1579 3627 1621 3674 eo
1643 3605 1774 3690 modo,
1808 3615 1848 3676 ut
1871 3605 1955 3677 dixi.
2014 3607 2085 3678 Sed
2106 3607 2201 3679 vires
2221 3632 2324 3680 assu-

1321 3721 1445 3792 munt,
1477 3707 1508 3778 si
1529 3705 1601 3777 sint
1625 3709 1816 3780 orientales
1841 3733 1904 3780 seu
1927 3710 2071 3790 directi;
2107 3721 2191 3781 tunc
2219 3711 2324 3783 enim

1322 3813 1515 3882 validiores
1544 3825 1647 3897 sunt,
1682 3813 1791 3908 qup'm
1815 3837 1896 3883 eum
1920 3827 2004 3886 sunt
2026 3814 2261 3885 occidentales
2283 3828 2326 3886 et

1322 3915 1543 4009 retrogradi;
1569 3928 1655 3987 tunc
1671 3917 1767 3986 enim
1785 3917 2048 4008 languidiorem
2073 3918 2147 3988 vim
2170 3913 2324 3990 habent.

1323 4021 1461 4091 Deinde
1480 4021 1686 4112 pro-positu
1701 4021 1746 4090 ad
1770 4015 2009 4095 horizontem.
2060 4019 2154 4094 Nam
2180 4020 2217 4090 in
2242 4045 2325 4092 me-

1322 4125 1383 4195 dio
1412 4123 1524 4206 coeli,
1555 4137 1618 4194 aut
1645 4125 1726 4193 loeo
1749 4125 1958 4196 succedente
1980 4124 2194 4197 efficaciores
2214 4138 2328 4206 sunt;

1321 4241 1445 4322 postea
1461 4248 1548 4296 vero
1561 4251 1692 4319 magna
1711 4240 1763 4298 est
1778 4227 1954 4314 efficacia,
1980 4253 2060 4315 cum
2085 4241 2169 4298 sunt
2188 4227 2228 4298 in
2250 4222 2331 4298 bo·

1321 4333 1482 4415 rizonte,
1508 4341 1572 4400 aut
1587 4333 1796 4400 succedente
1811 4331 1905 4402 loco.

1424 4433 1627 4506 Plurimum
1644 4457 1730 4504 vcro
1748 4433 1870 4504 v'alent
1885 4435 1922 4504 in
1943 4433 2106 4507 linitione
2132 4437 2332 4522 orientali;

1322 4537 1442 4609 minus
1463 4539 1583 4609 autem
1606 4538 1644 4606 in
1668 4537 1744 4607 imo
1768 4537 1877 4622 coeli,
1914 4551 1978 4608 aut
1999 4537 2070 4607 alio
2093 4542 2174 4610 loco
2200 4542 2330 4632 adspi-

1321 4643 1437 4714 ciente
1467 4667 1562 4713 eum.
1620 4640 1689 4711 Sed
1720 4667 1799 4712 cum
1829 4663 1976 4732 prorsus
2003 4663 2079 4710 non
2103 4644 2334 4736 adspiciunt,

1322 4747 1472 4817 omnino
1487 4744 1649 4838 languidi
1660 4757 1744 4816 sont
1761 4755 1797 4814 et
1812 4741 2017 4816 imbecilles.

1355 5024 1388 5080 tt
1407 5025 1517 5094 sotem]
1535 5023 1585 5076 lto.
1607 5022 1682 5078 tttt.
1699 5034 1751 5088 pro
1768 5022 1908 5105 hsc'rocc
1925 5020 1952 5074 la.
1969 5020 1989 5074 1.
2006 5019 2089 5074 hebet
2105 5019 2215 5088 siguum
2233 5017 2288 5100 Θ.

1131 5223 1478 5243 W
