4844 6122
311 205 395 298 ml
505 284 511 296 .

316 391 492 473 perpetua
506 381 772 454 conflictantem
794 396 830 454 et
848 383 945 456 vitae
964 385 1098 459 brevis.
1157 386 1316 480 Quando

315 483 502 578 utriusque
523 485 740 556 conditionis
764 485 931 578 planetae
954 489 1126 582 adsigna
1152 489 1315 582 prolifica

314 587 493 660 rationem
508 583 644 658 habent
659 589 831 683 aliquam,
857 589 1104 682 significantur
1119 591 1316 684 promisso-

313 715 395 788 rum
411 690 610 762 liberorum
628 691 771 776 enixus,
799 705 862 766 aut
883 694 1066 779 omnium,
1097 707 1161 764 aut
1183 695 1316 764 multo·
1344 747 1345 750 ,

313 815 416 892 gom,
445 805 508 862 aut
523 817 742 884 paucorum,
768 807 877 886 prout
895 791 1005 868 ,buius
1028 797 1169 868 illiusve
1191 797 1314 880 condi·

312 895 422 989 tionis
444 895 609 988 planetae
632 896 689 966 vel
711 897 832 989 plures
853 922 1029 983 numero,
1053 899 1112 970 vel
1132 899 1315 990 fortiores,

312 1000 371 1072 vel
385 997 655 1082 orientalium,
679 1000 738 1070 vel
751 999 790 1070 in
811 1001 1017 1072 cardinibus
1041 1001 1152 1094 positi
1172 1002 1313 1092 dignio-

311 1103 431 1186 ribus,
458 1113 521 1171 aut
535 1102 805 1176 succedentibus
822 1103 1034 1190 domiciliis,
1059 1103 1229 1176 antelati
1253 1129 1312 1176 su·

310 1229 376 1298 pra
396 1215 556 1274 caeteros
574 1205 720 1276 fuerint.

413 1306 452 1376 si
470 1305 580 1398 igitur
594 1308 780 1399 planetae,
806 1307 869 1402 qui
880 1305 1053 1400 prolificis
1076 1305 1311 1378 dominantur

309 1408 433 1500 signis,
460 1409 652 1480 orientales
664 1411 811 1494 fuerint,
838 1411 976 1482 donant
987 1411 1132 1482 liberos.
1170 1409 1209 1480 si
1224 1423 1311 1481 tunc

310 1536 455 1606 quoque
476 1512 514 1582 in
544 1511 653 1603 signis
681 1513 840 1606 propriis
867 1508 1070 1600 haeserint,
1111 1512 1309 1584 claritatem

307 1614 378 1686 illis
396 1628 432 1686 et
447 1615 584 1686 illustre
599 1640 734 1686 nornen
749 1616 962 1707 adiungunt.
1018 1617 1068 1688 At
1089 1616 1121 1687 si
1144 1615 1308 1686 occiden-

308 1718 397 1788 tales
412 1717 566 1804 fuerint,
593 1718 708 1789 autin
721 1719 800 1788 loca
816 1719 955 1788 alienae
983 1718 1200 1790 conditionis
1223 1743 1308 1788 con-

309 1819 415 1906 clusi,
467 1821 624 1898 abiectos
658 1833 694 1892 et
728 1821 900 1894 obscuros
937 1820 1070 1892 liberos
1107 1822 1308 1914 designant.

308 1923 418 2017 Quod
442 1925 474 1996 si
502 1921 706 2018 horoscopo
739 1925 971 2016 congruerint
1004 1937 1039 1994 et
1070 1925 1167 2018 parti
1192 1926 1307 1995 fortu-

308 2051 398 2112 nae,
441 2039 548 2098 erunt
567 2027 673 2098 liberi
695 2027 735 2096 in
754 2051 877 2098 amore
899 2039 1112 2120 parentum,
1153 2027 1307 2112 venusti,

307 2153 454 2214 suaves,
480 2143 515 2199 et
530 2125 750 2200 haereditate
764 2155 785 2200 a
799 2130 1008 2223 parentibus
1024 2129 1148 2200 relicta
1164 2127 1307 2222 potien-

306 2247 377 2304 tur.
429 2232 494 2303 Sin
509 2232 742 2306 dissenserint
756 2235 801 2304 ab
821 2225 970 2316 iisdem',
1002 2244 1065 2304 aut
1089 2257 1132 2304 ex
1154 2234 1304 2304 adverso

307 2335 551 2421 constiterint,
577 2337 795 2406 contendent
811 2335 916 2406 liberi
933 2349 968 2404 et
987 2336 1185 2406 simultates
1208 2361 1305 2406 exer-

307 2441 436 2510 cebunt
453 2439 781 2530 comparentibus,
804 2439 987 2510 nocebunt
1001 2439 1072 2522 eis,
1098 2462 1164 2507 nec
1179 2463 1304 2510 conse-

307 2555 463 2637 quentur
478 2542 533 2613 ius
547 2536 791 2613 baereditatis.
836 2542 894 2612 Sic
907 2565 988 2612 cum
1005 2566 1042 2613 se
1058 2540 1212 2610 invicem
1228 2539 1304 2634 pla-

304 2657 409 2716 netae
424 2645 538 2715 radiis
553 2645 677 2714 amicis
693 2645 999 2737 complectuntur,
1029 2645 1224 2715 concordes
1239 2647 1304 2714 tri-

186 2768 188 2778 ·
304 2749 423 2819 butant
444 2747 597 2831 liberos,
637 2759 673 2816 et
707 2749 802 2818 inter
826 2771 886 2818 eos
911 2749 1072 2819 fraterno
1096 2771 1219 2816 amore
1243 2749 1305 2817 de-

305 2851 466 2933 vinctos,
492 2873 534 2918 ae
548 2849 682 2921 mutuis
699 2863 734 2920 et
751 2851 950 2921 coniunctis
969 2849 1087 2942 operis
1103 2861 1210 2944 atque
1227 2851 1303 2919 offi-

305 2953 388 3039 ciis,
428 2964 577 3024 tuentur
598 2965 634 3022 et
656 2966 872 3025 conservant
892 2952 1057 3026 stabilem
1088 2953 1303 3022 benevolen-

304 3059 406 3128 tiam.
459 3055 549 3127 Cum
564 3055 756 3144 dissident,
783 3069 847 3128 aut
866 3053 1040 3149 oppositis
1064 3081 1103 3126 se
1126 3079 1168 3125 ac
1187 3052 1302 3127 hosti-

303 3159 396 3232 libus
412 3159 591 3252 impetunt
605 3160 736 3244 radiis,
763 3160 854 3230 odiis
867 3159 1001 3230 mutuis
1016 3171 1052 3228 et
1065 3160 1184 3252 studio
1203 3161 1303 3230 alen-

303 3266 432 3336 darum
461 3261 732 3334 inimicitiarum
764 3278 870 3360 atque
892 3261 1089 3334 insidiandi
1117 3261 1187 3333 sibi
1210 3263 1303 3334 invi-

305 3393 380 3438 cem
408 3367 541 3439 liberos
569 3367 778 3438 incendunt.
848 3365 952 3459 Quae
980 3365 1178 3436 minutiora
1205 3379 1301 3450 sont,

303 3470 458 3556 scrutari
474 3483 509 3540 et
525 3493 649 3540 cruere
664 3469 844 3564 quispiam
860 3468 1068 3560 singillatim
1085 3469 1239 3562 poterit,
1271 3471 1300 3540 si

302 3569 547 3666 horoscopum
571 3572 803 3666 assumpserit
825 3573 980 3642 cuiusvis
1009 3573 1198 3665 planetae,
1238 3571 1302 3668 qui

302 3678 437 3764 liberos
450 3676 660 3770 pollicetur,
685 3687 793 3771 atque
810 3699 853 3746 ex
871 3675 1012 3770 reliquo
1030 3669 1210 3746 schemate
1225 3701 1302 3746 non

301 3805 402 3856 secus
419 3794 526 3876 atque
542 3804 585 3850 ex
606 3774 763 3850 themate
785 3803 953 3872 geneseos
974 3777 1177 3872 generalem
1200 3779 1302 3852 insti·

301 3885 413 3970 ¹tuerit
426 3883 766 3957 considerationem.

541 4131 546 4140 ,
572 4059 628 4126 De
653 4058 775 4127 amicis
801 4065 836 4126 et
860 4056 1023 4126 inimicis.

407 4191 593 4264 Amicitias
609 4189 862 4263 etinimicitias
877 4191 1033 4274 maiores
1051 4202 1086 4260 et
1105 4187 1301 4260 durabilio-

304 4319 363 4371 res
388 4319 558 4368 vocamus
580 4308 794 4366 naturarum
810 4295 1017 4366 societatem
1035 4307 1071 4366 et
1084 4293 1180 4366 odia.
1232 4293 1301 4362 Mi-

305 4422 420 4470 nores.
442 4423 529 4470 vero
557 4411 593 4468 et
621 4399 805 4470 breviores
839 4423 1009 4470 vocamus
1039 4393 1301 4468 familiaritates

305 4515 342 4574 et
365 4501 457 4572 lites.
521 4500 621 4573 Talis
645 4515 764 4573 autem
793 4501 862 4572 erit
883 4497 1013 4574 barum
1035 4525 1158 4572 rerum
1186 4501 1302 4574 consi-

303 4604 458 4690 deratio.
740 4687 746 4702 ¹

408 4705 464 4778 De
486 4707 688 4800 praecipuis
712 4707 825 4780 causis
852 4719 998 4778 mutuae
1029 4705 1301 4778 benevolentiae

304 4824 369 4886 eut
396 4809 626 4882 dissidiorum
659 4813 929 4881 considerentur
964 4809 1044 4880 loca
1075 4809 1301 4884 dominantia

303 4915 344 4992 in
360 4914 569 4998 nativitate,
595 4915 694 4986 locus
711 4914 822 4999 Solis,
847 4913 993 4998 Lunae,
1018 4907 1241 5008 horoscopus
1266 4929 1302 4986 et

298 5015 390 5108 'pars
404 5020 583 5088 fortunae.
632 5015 722 5086 Cum
740 5017 836 5087 enim
860 5029 944 5090 sunt
965 5015 1005 5084 in
1028 5015 1138 5108 signis
1159 5016 1299 5107 iisdem,

276 5157 280 5166 ·
303 5132 368 5192 aut
381 5119 611 5211 permutatis,
636 5144 698 5190 seu
715 5143 859 5204 omnes,
885 5143 949 5192 seu
962 5117 1131 5211 plurimi,
1162 5133 1198 5194 et
1222 5147 1299 5194 ma-

303 5221 399 5293 xime
417 5248 499 5293 cum
516 5225 745 5296 ascendentes
760 5223 894 5294 distant
906 5223 1157 5314 septemdecim
1180 5227 1299 5317 gradi-

302 5327 388 5410 bus,
408 5339 520 5397 ,erunt
533 5339 745 5397 naturarum
762 5321 949 5398 societates
969 5325 1115 5411 firmae,
1147 5327 1299 5404 indisso-

302 5428 450 5513 lubiles,
477 5430 564 5500 etin
580 5433 708 5526 quibus
724 5431 844 5502 millae
858 5429 1025 5502 accidunt
1038 5430 1204 5505 iniuriae.

895 204 1028 300 'mle
1059 211 1176 290 &Eb-
1209 209 1414 296 statu-'ra
1446 205 1792 297 fflaObOGiGd.

2296 235 2369 312 tos

1472 383 1546 458 Sed
1560 385 1661 458 siilli
1674 389 1811 462 suntin
1830 389 1919 464 loeis
1941 395 2043 468 nudo
2066 397 2161 472 inter
2182 428 2220 477 se
2243 407 2369 500 adspe-

1368 499 1428 558 ctu
1451 487 1627 582 copulatis
1647 503 1712 562 aut
1737 494 1931 588 oppositis,
1969 513 2076 573 erunt
2100 502 2309 580 inimicitiae
2335 522 2371 582 et

1367 588 1514 662 dissidia
1535 591 1719 666 diuturna.

1469 691 1508 763 Si
1521 693 1642 764 nentri
1656 695 1729 768 sint
1744 696 1902 788 positus,
1933 725 2025 796 quos
2040 707 2133 795 dixi,
2168 713 2224 782 vel
2244 716 2372 796 amici-

1366 791 1454 862 tiam
1481 795 1540 864 vel
1561 796 1789 869 inimicitiam
1812 800 2072 892 significantes,
2114 816 2177 884 sed
2208 817 2280 886 sint
2302 820 2374 888 ad-

1365 908 1505 988 spectus
1521 909 1562 967 ut
1577 900 1713 992 trigoni
1728 914 1791 972 aut
1804 897 1995 996 hexagoni,
2014 912 2268 998 benevolentia
2285 923 2373 1008 erit,

1364 999 1427 1068 sed
1443 998 1576 1072 minor.
1629 1001 1808 1096 Quadrati
1832 1030 1917 1076 vero
1940 1009 2079 1082 faciunt
2101 1019 2243 1092 minora
2268 1024 2374 1108 odia,

1363 1113 1406 1174 ut
1429 1101 1585 1172 existunt
1607 1101 1703 1174 inter
1734 1105 1869 1178 amicos
1898 1109 2097 1186 simultates
2130 1133 2166 1192 et
2195 1127 2373 1214 querelae

1364 1213 1469 1287 tune,
1495 1227 1576 1274 cum
1602 1208 1786 1280 maleficae
1803 1209 1926 1280 stellae
1950 1213 1996 1282 ad
2018 1239 2060 1286 ea
2082 1217 2160 1290 loca
2185 1227 2375 1314 venerint,

1364 1329 1456 1398 quae
1472 1306 1650 1380 amicitias
1664 1310 1877 1402 significant.

1464 1405 1605 1480 Rursus
1629 1437 1716 1482 vero
1746 1413 1841 1483 inter
1870 1411 2037 1489 inimicos
2062 1418 2224 1494 inducias
2248 1436 2286 1493 et
2306 1449 2374 1496 re-

1363 1508 1655 1597 conciliationes,
1681 1539 1763 1584 curn
1778 1515 1869 1586 boni
1881 1519 2068 1612 adspectus
2084 1523 2288 1596 incurrunt.

1462 1611 1662 1708 Postquam
1690 1629 1811 1688 autem
1839 1619 1908 1689 tria
1929 1635 2014 1692 sunt
2037 1624 2278 1696 amicitiarum
2303 1653 2372 1722 ge·

1361 1735 1468 1795 nera;
1510 1729 1573 1785 aut
1596 1717 1692 1788 enim
1717 1721 1985 1814 coniunguntur
2004 1719 2171 1798 homines
2197 1729 2370 1820 consilio,

1361 1827 1424 1885 ant
1445 1829 1596 1909 propter
1616 1820 1829 1908 utilitatem,
1868 1838 1931 1895 aut
1959 1840 2110 1919 propter
2136 1829 2370 1925 voluptatem

1361 1929 1396 1990 et
1417 1917 1600 2022 dolorem:
1642 1939 1862 1996 concurrunt
1888 1925 1999 2018 igitur
2024 1931 2071 2000 in¹
2089 1932 2247 2004 amicitia
2271 1931 2369 2010 baec

1359 2016 1448 2106 tria,
1480 2045 1562 2091 cum
1585 2048 1710 2098 omnes
1731 2027 1888 2119 positus,
1921 2022 1984 2102 aut
2007 2033 2150 2125 plures,
2189 2035 2241 2106 ita
2263 2039 2367 2114 inter

1357 2145 1395 2193 se
1411 2139 1628 2216 congruunt.
1679 2127 1818 2204 Rursus
1832 2129 2040 2206 inimicitiae
2064 2153 2171 2212 erunt
2193 2134 2366 2216 omnium

1357 2248 1553 2316 generum,
1576 2254 1658 2300 cum
1674 2256 1822 2324 prorsus
1835 2259 1912 2306 non
1928 2255 2131 2328 congruunt
2145 2245 2294 2338 positus.

1462 2328 1553 2401 Cum
1574 2357 1661 2403 vero
1685 2335 1825 2406 lumina
1845 2354 2070 2432 congruunt,
2106 2347 2176 2418 erit
2198 2348 2355 2418 amicitia

1357 2429 1526 2502 adiuncta
1550 2435 1700 2507 consilio
1726 2439 1865 2532 optima
1889 2454 1925 2511 et
1946 2445 2142 2530 tutissima;
2182 2463 2245 2520 aut
2273 2475 2360 2521 curn

1356 2557 1433 2604 non
1459 2552 1681 2634 congruunt,
1724 2541 1792 2612 erit
1814 2543 1980 2638 {amicitia
2001 2550 2156 2640 pessima
2178 2566 2214 2622 et
2232 2552 2361 2628 infida.

1357 2635 1449 2706 Cum
1474 2663 1560 2730 pars
1580 2641 1746 2714 fortunae
1769 2647 1954 2738 congruit,
1994 2651 2064 2722 erit
2090 2654 2248 2726 amicitia
2271 2681 2363 2728 con·

1356 2751 1471 2810 tracta
1487 2741 1652 2817 utilitatis
1668 2770 1785 2820 causa.
1837 2749 1928 2820 Cum
1948 2777 2034 2824 vero
2055 2759 2249 2830 ascendens
2272 2783 2363 2832 con·

1356 2842 1471 2934 gruit,
1497 2845 1566 2916 erit
1579 2847 1736 2920 amicitia
1755 2851 1951 2946 voluptatis
1968 2880 2075 2928 causa
2091 2873 2286 2934 contracta.

1458 2963 1704 3038 Conferendae
1727 2983 1849 3042 autem
1870 2987 1955 3046 sunt
1977 3001 2122 3068 geneses
2154 2982 2202 3052 ad
2231 2982 2364 3054 viden·

1355 3065 1455 3151 dum,
1478 3066 1517 3138 in
1532 3079 1613 3139 utra
1629 3071 1702 3142 sint
1717 3075 1862 3146 exaltati
1874 3077 2055 3170 planetae,
2082 3095 2119 3154 et
2133 3083 2174 3154 in
2192 3097 2274 3156 utra
2293 3087 2362 3156 alii

1355 3168 1445 3241 alios
1459 3169 1681 3246 intueantur.

1454 3286 1593 3385 Inque
1624 3292 1735 3384 igitur
1763 3295 1833 3366 erit
1865 3299 2056 3386 exaltatio,
2101 3317 2165 3376 eut
2193 3308 2225 3379 si
2255 3308 2360 3382 idem

1353 3390 1495 3483 signum
1510 3395 1676 3486 proxime
1693 3398 1761 3468 erit
1775 3403 1986 3488 succedens,
2013 3404 2051 3473 id
2073 3408 2271 3481 amicitiam
2298 3416 2362 3485 vel

1353 3493 1580 3566 inimicitiam
1595 3498 1751 3569 maxime
1766 3513 1877 3594 reget.
1936 3505 2011 3578 Ubi
2033 3523 2155 3580 autem
2179 3513 2242 3582 alii
2263 3515 2362 3590 alios

1352 3598 1503 3670 feliciter
1537 3601 1759 3694 adspiciunt,
1810 3607 1857 3676 ad
1888 3607 2161 3684 beneficentiam
2195 3615 2362 3690 amicitie

1354 3701 1583 3876 eritdutilior,
1615 3717 1651 3775 et
1671 3706 1718 3775 ad
1740 3707 1970 3802 corrigendas
1993 3714 2191 3792 simultates
2213 3745 2363 3794 accom-

1353 3829 1414 3875 mo
1443 3817 1549 3880 atior.

1456 3923 1498 3996 ln
1513 3926 1640 3999 subitis
1656 3953 1742 4000 vero
1766 3931 2071 4009 familiaritatibus
2096 3951 2132 4010 et
2153 3939 2361 4030 discordiis,

1353 4039 1474 4101 motus
1489 4029 1718 4123 planetarum
1734 4034 1772 4104 in
1787 4035 1940 4133 utraque
1956 4041 2077 4132 genesi
2100 4041 2363 4118 considerandi

1353 4144 1456 4216 sunt,
1496 4129 1566 4203 hoc
1590 4147 1661 4222 est,
1704 4141 1850 4232 quando
1872 4143 2091 4236 prorogator
2115 4148 2290 4241 temporis
2314 4152 2362 4220 in

1353 4259 1447 4318 una,
1479 4237 1580 4307 venit
1602 4239 1648 4308 ad
1669 4257 1944 4334 prorogatorem
1967 4249 2140 4344 temporis
2163 4251 2203 4320 in
2226 4253 2362 4330 altera.

1353 4337 1406 4408 lta
1421 4339 1518 4410 enim
1532 4343 1625 4412 fiunt
1638 4343 1765 4417 breves
1781 4347 1959 4420 amicitiae
1975 4364 2011 4422 et
2030 4354 2201 4426 durantes
2223 4357 2362 4447 exiguo

1353 4457 1536 4535 tempore,
1563 4450 1737 4540 usquead
1754 4450 2038 4531 dissolutionem.
2095 4457 2240 4530 Diutius
2262 4485 2362 4532 vero

1354 4545 1504 4633 durant,
1530 4547 1561 4620 si
1576 4551 1720 4637 accedat
1733 4553 1862 4650 aliquis
1877 4558 2022 4650 planeta
2036 4563 2240 4634 succedens.
2337 4553 2345 4565 ’

1348 4701 1350 4704 ·
1456 4667 1547 4738 Cum
1562 4666 1672 4760 igitur
1685 4669 1861 4747 Satnmus
1875 4689 1911 4746 et
1922 4675 2058 4770 Iupiter
2072 4680 2122 4751 ita
2140 4695 2365 4775 congruent,

1353 4783 1395 4842 ut
1409 4770 1501 4842 alter
1514 4774 1560 4841 ad
1575 4773 1722 4845 alterins
1737 4775 1816 4846 loca
1829 4781 2036 4871 perveniat,
2062 4785 2200 4856 faciunt
2226 4787 2364 4857 amici-

1346 4875 1421 4948 tias
1437 4887 1500 4946 aut
1518 4875 1632 4948 civilis
1646 4877 1787 4948 consilii
1801 4882 1987 4972 societate,
2014 4900 2077 4959 aut
2091 4901 2242 4982 propter
2256 4891 2366 4984 agri-

1353 4981 1550 5066 culturam,
1577 4993 1640 5050 aut
1655 4975 1926 5060 haereditatem.

1454 5099 1631 5172 Saturnus
1662 5113 1699 5170 et
1721 5101 1821 5177 Mars
1853 5107 2054 5202 significant
2073 5136 2210 5208 pugnas
2234 5127 2270 5186 et
2296 5115 2365 5187 in-

1351 5202 1460 5276 sidias
1479 5202 1642 5275 consulto
1657 5203 1860 5284 instructas.

1452 5322 1629 5396 Saturnus
1653 5337 1688 5396 et
1707 5326 1850 5418 Venus,
1887 5333 2175 5408 coniunctionem
2199 5351 2365 5434 propter

1350 5440 1519 5522 cognatas
1535 5453 1730 5524 personas,
1756 5437 1818 5508 sed
1836 5463 1927 5536 quae
1944 5441 2014 5512 cito
2028 5441 2197 5534 frigescit.
