4844 6122
101 240 151 314 aa
277 167 422 306 rtLvtt
466 231 863 309 taraarnurarto
889 229 1065 306 oeaals
1090 167 1479 328 Qutuanaartrt
1502 225 1788 302 P‘l'OLEMAEl
1814 231 1905 306 LlB.
1929 229 1988 303 lll
2107 231 2162 304 ‘70

104 416 152 484 tio
174 409 368 492 Castoris,
408 405 566 480 Pollucis
594 419 629 478 et
651 405 829 488 Helenae,
871 406 1023 498 gignunt
1048 406 1112 478 Sa-

104 531 246 598 turnus,
273 510 421 604 Iupiter
435 523 470 580 et
488 510 624 590 Venus;
650 512 739 580 duas
753 511 912 580 femellas
934 525 970 580 et
996 535 1110 580 unum

105 644 258 698 marem,
294 615 421 710 qualis
452 626 507 684 est
528 613 712 704 generatio
728 612 888 696 Cereris,
922 613 1110 706 Proserpi·

108 749 169 796 uae
184 714 398 802 etBacchi,
424 717 577 808 gignunt
595 717 735 800 Venus,
760 715 863 786 Luna
879 729 916 785 ct
930 716 1042 788 Mars.
1123 722 1127 734 '

207 861 271 926 Sed
285 854 330 926 hi
353 857 474 924 foetus
499 853 710 949 plerumque
735 853 920 924 immaturi
943 855 1110 938 eduntur,

123 977 155 1031 et
176 985 266 1053 saepe
287 959 461 1028 membra
489 971 690 1029 monstrosa
717 957 895 1029 adferunt.
957 955 1003 1026 Et
1031 958 1127 1054 qni·⁴

129 1065 198 1133 dam
211 1068 361 1134 eduntur
383 1060 557 1131 inusitato
583 1084 705 1143 more,
731 1073 880 1154 propter
903 1059 1028 1131 talium
1053 1083 1109 1130 ac-

126 1169 290 1237 cidentium
312 1189 553 1267 concursum.

482 1405 537 1474 De
561 1403 733 1492 mandris.

201 1581 283 1652 Non
302 1577 425 1646 aliena
444 1587 496 1645 est
519 1575 683 1642 doctrina
706 1575 752 1642 de
776 1567 946 1642 monstris
971 1571 1015 1639 ab
1039 1565 1108 1638 hoc

117 1685 194 1752 loco.
247 1681 422 1753 Primum
457 1675 620 1746 enimin
645 1673 700 1745 his
718 1673 856 1744 lumina
881 1673 1130 1766 'reperientur'

115 1787 225 1878 procul
240 1797 405 1865 remota,
435 1793 470 1849 ct
489 1779 589 1849 nullo
607 1778 718 1847 modo
740 1777 970 1868 adspicientia
996 1773 1107 1846 horo·
1129 1808 1131 1817 ·

120 1915 269 1982 scopam,
296 1899 333 1957 ct
344 1883 512 1955 cardines
529 1881 692 1974 occupati
711 1905 729 1949 a
749 1881 915 1952 maleficis
932 1879 1053 1951 stellis.
1086 1975 1089 1983 Ι

211 2025 302 2096 Cum
316 2024 425 2114 igitur
444 2019 525 2092 talis
552 2017 739 2116 dispositio
764 2043 799 2088 se
824 2017 970 2103 offeret,
1003 2031 1045 2088 ut
1067 2019 1107 2088 fit

127 2151 223 2218 saepe
239 2127 390 2195 ctiamin
402 2123 652 2196 nativitatibus
670 2121 749 2194 aliis
762 2121 921 2208 ¹sordidis
937 2133 972 2194 et
989 2121 1105 2216 inlata.

138 2227 209 2312 stis,
245 2241 282 2297 ut
302 2231 446 2298 maxime
468 2252 546 2296 non
566 2227 638 2298 sint
663 2239 906 2308 monstrosae,
939 2225 1106 2322 ,conside-

128 2333 227 2402 randa
241 2345 291 2402 est
304 2333 523 2424 praecedens
542 2329 748 2400 coniunctio
764 2342 827 2398 aut
842 2327 1042 2420 oppositio,
1070 2339 1105 2397 et

122 2435 349 2504 dominatores
370 2459 496 2506 earum
512 2446 547 2502 et
568 2433 770 2518 ‘nativitatis
795 2431 1014 2501 dominator.
1066 2431 1106 2501 Si

124 2537 213 2630 igitur
231 2537 434 2610 nativitatis
456 2536 676 2628 significator
700 2547 735 2604 et
750 2532 853 2620 Luna
878 2548 913 2606 et
935 2529 1105 2604 horosco-

121 2666 190 2732 pus,
212 2655 276 2712 aut
291 2641 437 2735 plures,
452 2641 590 2712 nullam
602 2633 738 2708 habent
754 2639 1005 2730 cognationem
1023 2663 1105 2709 cunt

118 2745 334 2816 dominatore
349 2743 599 2836 praecedentis
621 2739 885 2814 coniunctionis
907 2755 969 2812 aut
990 2767 1104 2835 oppo-

116 2847 257 2936 titionis,
294 2845 460 2920 nascitur
485 2847 599 2918 laetus
623 2846 813 2940 perplexae
840 2857 1011 2935 naturae,
1043 2871 1106 2918 seu

113 2968 343 3026 monstrosus.

198 3091 268 3164 llis
289 3091 344 3160 ita
367 3113 405 3159 se
427 3082 662 3168 habentibus,
695 3110 775 3156 cum
800 3085 937 3156 lumina
962 3086 1106 3157 suntin

115 3192 209 3284 siguis
238 3191 458 3264 bestialibus
487 3203 522 3260 et
552 3190 593 3258 in
614 3187 819 3259 cardinibus
844 3191 918 3258 duo
941 3189 1106 3274 malefici,

112 3299 195 3390 quod
216 3295 405 3377 nascitur,
435 3315 511 3364 non
534 3289 681 3362 habebit
699 3287 900 3362 humanam
923 3305 1105 3364 naturam.

108 3398 266 3496 Canaque
282 3399 385 3470 nulla
400 3398 557 3468 benefica
572 3396 674 3466 stella
690 3395 864 3488 adspiciet
877 3394 1027 3480 lumina,
1042 3398 1104 3468 sed

111 3515 245 3576 tantum
260 3501 460 3584 maleficae,
486 3501 585 3594 quod
600 3499 771 3582 nascitur,
788 3523 936 3590 prorsus
955 3499 1023 3568 erit
1038 3500 1106 3568 im·

108 3631 229 3690 mane,
257 3619 295 3676 et
319 3601 457 3674 babens
474 3605 591 3674 ieram
613 3615 782 3674 naturam
807 3615 843 3672 et
867 3603 1020 3672 nocendi
1045 3629 1105 3672 cu-

107 3709 237 3802 pidam.
291 3709 366 3778 Sed
380 3707 412 3776 si
426 3705 628 3800 adspiciunt
642 3702 780 3798 Iupiter
796 3717 859 3774 aut
873 3705 1014 3790 Venus,
1039 3729 1104 3778 na-

108 3825 222 3884 scetur
250 3811 447 3906 quiddam,
481 3811 579 3904 quod
605 3807 858 3901 superstitione
881 3822 1042 3880 vertetur
1064 3810 1103 3878 in

109 3937 234 3996 omen,
260 3915 402 4008 eritque
425 3913 543 3984 simile
566 3912 666 3996 cani,
693 3924 756 3982 aut
778 3911 858 3994 teli,
883 3925 947 3982 aut
967 3912 1104 3984 simiae.

1162 403 1243 490 loco
1277 404 1391 496 gignit
1423 417 1543 474 mutos
1577 427 1618 474 ac
1654 407 1802 490 surdos,
1842 405 2024 474 interdurn
2053 394 2162 476 etiarn

1163 519 1299 578 anulos
1315 520 1350 577 et
1367 520 1597 578 veteratores.

1161 718 1217 784 De
1233 717 1345 798 natis,
1371 719 1430 810 qai
1448 718 1581 786 amriri
1596 737 1664 782 aon
1678 721 1837 802 possunt,
1871 715 1930 782 sed
1943 735 2025 782 moa
2040 713 2160 783 ertia·

1247 831 1249 834 ’
1579 826 1743 908 guantur.

1263 967 1415 1066 Reliqua
1434 984 1486 1040 est
1501 970 1595 1040 inter
1612 997 1673 1055 ea,
1701 963 1846 1064 quaein
1863 968 1940 1062 ipso
1957 982 2065 1062 partu
2082 994 2162 1064 spe·

1162 1083 1324 1158 ctantur,
1363 1073 1602 1143 consideratio
1628 1075 1671 1143 de
1696 1073 1956 1158 nutricatione,
1982 1098 2092 1172 quam
2108 1074 2162 1146 di-

1162 1175 1295 1268 stingui
1326 1189 1478 1267 oportet.
1537 1175 1720 1248 lnterdum
1752 1177 1848 1246 enim
1879 1173 1967 1248 haec
1997 1176 2159 1272 quaestio

1162 1279 1318 1368 pertinet
1334 1283 1380 1348 ad
1396 1279 1597 1350 doctrinam
1614 1283 1658 1350 de
1682 1281 1906 1372 longitudine
1927 1283 2041 1368 vitae,
2074 1281 2159 1378 quia

1160 1377 1252 1466 hoc,
1288 1386 1331 1450 de
1356 1408 1428 1477 quo
1453 1383 1611 1474 agimus,
1644 1385 1787 1479 utrique
1812 1383 2017 1480 quaestioni
2041 1385 2159 1459 adfine

1162 1497 1225 1554 est.
1277 1485 1484 1580 Aliquando
1501 1512 1588 1556 vero
1604 1487 1761 1558 seiuncta
1780 1502 1852 1574 est,
1879 1487 1964 1584 quia
1988 1487 2161 1578 differunt

1161 1587 1296 1680 spatia,
1330 1591 1373 1658 de
1399 1587 1528 1684 quibus
1551 1586 1609 1660 hic
1634 1589 1830 1664 disseritur.
1885 1593 1975 1664 Cum
1993 1593 2088 1666 euim
2111 1593 2157 1662 de

1161 1689 1385 1792 longitudine
1409 1693 1503 1764 vitae
1526 1695 1731 1788 quaeritur,
1757 1695 1799 1764 de
1823 1689 1880 1766 his
1904 1697 2040 1788 agitur,
2067 1719 2159 1792 quos

1161 1795 1319 1864 sensibili
1335 1810 1497 1888 tempore
1514 1798 1705 1868 duraturos
1722 1823 1795 1870 esse
1813 1799 2069 1886 existimamus,
2087 1793 2158 1872 hoc

1161 1911 1231 1980 est,
1259 1923 1381 1969 annuo
1398 1899 1567 1980 circuitu;
1595 1901 1666 1970 tale
1681 1899 1776 1970 enim
1794 1917 1935 1994 tempus
1954 1915 2006 1972 cst
2026 1917 2157 1978 annus.

1160 1999 1320 2095 Tempus
1336 2027 1422 2074 vero
1439 2003 1552 2094 magis
1568 2002 1800 2076 imbecillium
1817 2020 1901 2078 sunt
1916 2030 2066 2092 menses,
2082 2005 2158 2078 dies

1160 2099 1331 2176 ethorae.
1351 2152 1354 2167 ·
1384 2103 1558 2175 Doctrina
1575 2131 1662 2176 vero
1681 2109 1725 2178 de
1741 2107 1802 2196 iis,
1829 2099 1960 2204 quibus
1974 2095 2049 2181 noir
2072 2135 2158 2204 pro·

1159 2209 1236 2278 dest
1265 2207 1480 2292 nutricatio,
1513 2209 1725 2300 intelligitur
1752 2214 1796 2282 dc
1819 2227 1906 2284 nato
1931 2237 2006 2287 non
2029 2237 2158 2308 prove·

1158 2312 1278 2384 niente
1296 2313 1342 2382 ad
1360 2309 1447 2381 illud
1464 2326 1622 2404 tempus,
1650 2315 1710 2384 sed
1731 2329 1880 2408 propter
1901 2315 2075 2390 excellens
2097 2319 2158 2388 de·
2260 2318 2265 2328 '

1158 2415 1367 2488 trimcntum
1384 2415 1504 2486 statim
1521 2415 1699 2486 moriente
1715 2440 1733 2484 a
1754 2431 1872 2508 partu.

1259 2535 1381 2606 Altera
1400 2535 1510 2626 igitur
1528 2535 1688 2628 quaestio
1704 2535 1930 2606 subtiliorem
1944 2532 2053 2611 babet
2068 2563 2159 2624 caut.-¹

1156 2634 1434 2722 siderationem,
1462 2634 1550 2706 baec
1565 2640 1788 2710 crassiorem.

1188 2829 1191 2840 ,
1260 2759 1351 2830 Cum
1370 2758 1467 2829 enim
1484 2759 1638 2834 alterum
1653 2759 1777 2830 lumen
1793 2773 1846 2832 est
1867 2759 1905 2828 in
1930 2759 2094 2846 cardine,
2122 2775 2157 2833 et
2275 2765 2278 2774 ’

1157 2862 1265 2934 simul
1297 2873 1350 2933 cst
1378 2863 1523 2956 planeta
1550 2864 1750 2947 maleficus,
1785 2877 1847 2934 aut
1870 2863 1979 2934 distat
1999 2865 2157 2957 longitu-

1157 2967 1262 3050 dine,
1293 2979 1413 3036 exacte
1445 2965 1600 3038 efficiens
1634 2965 1817 3059 trigonum
1843 2970 1999 3038 duorum
2025 2993 2157 3066 aequa·

1157 3071 1246 3140 lium
1269 3069 1443 3152 lateram,
1475 3093 1541 3139 nec
1564 3071 1750 3164 adspectus
1770 3071 1987 3142 interveniat
2007 3073 2158 3143 benefici

1158 3173 1345 3266 planetae,
1372 3186 1407 3242 et
1422 3173 1629 3242 dominator
1643 3173 1820 3245 luminum
1841 3175 1887 3244 sit
1909 3175 1947 3244 in
1969 3175 2056 3248 locis
2080 3203 2157 3247 ma-

1156 3277 1361 3359 leficorum,
1403 3275 1597 3346 nutricatio
1622 3277 1789 3348 destituet
1817 3291 1964 3362 natum,
2005 3292 2040 3349 et
2071 3306 2156 3351 mox

1157 3379 1344 3451 morietur.

1259 3499 1324 3569 Sin
1347 3513 1466 3568 autem
1493 3525 1567 3568 non
1595 3499 1720 3570 elbciet
1749 3495 1806 3567 hic
1832 3499 1969 3592 positus
1994 3482 2155 3596 triangu-

1155 3605 1230 3674 lum
1263 3605 1419 3672 duorum
1450 3603 1654 3698 aequalium
1678 3603 1850 3683 lateram;
1884 3605 1946 3674 sed
1967 3610 2156 3679 succedent

1156 3707 1353 3778 luminibus
1365 3705 1460 3776 radii
1483 3705 1727 3776 maleficorum
1753 3719 1788 3774 ct
1811 3707 1882 3776 duo
1904 3707 2056 3794 luerint,
2083 3712 2155 3782 lae·

1157 3813 1315 3906 dantque
1334 3810 1390 3880 vel
1408 3803 1560 3880 alterum
1582 3811 1723 3893 lumen,
1755 3809 1812 3878 vel
1837 3809 1964 3896 ambo,
1996 3813 2052 3882 vel
2075 3839 2154 3884 suc-

1157 3915 1315 3984 cedendo
1338 3913 1395 3982 vel
1416 3914 1454 3982 in
1479 3913 1706 4006 oppositione
1731 3911 1786 3982 uel
1807 3937 1872 4004 per
1896 3913 2007 3999 vices,
2040 3917 2153 3988 altera

112 4017 177 4086 Sin
190 4017 389 4108 arbpeserit
405 4013 625 4098 Mercurius,
643 4014 845 4084 imitabitur
858 4028 1026 4086 naturam
1044 4039 1105 4086 eo·
1157 4019 1316 4087 rnalefica
1342 4016 1494 4087 alterum
1519 4017 1659 4098 lumen3
1688 4016 1744 4084 rel
1772 4017 1883 4086 altera
1907 4017 1954 4088 sit
1974 4019 2153 4112 opposita,

112 4143 214 4202 rum,
247 4133 443 4216 quaesunt
471 4115 802 4190 usuihominibus:
841 4130 881 4187 ut
903 4119 1103 4204 volucrum,
1157 4121 1268 4190 altera
1300 4145 1387 4190 vcro
1415 4122 1623 4192 succedens:
1667 4119 1781 4192 deerit
1808 4120 2026 4207 nutrica-tio,
2066 4121 2152 4218 quia

108 4237 171 4296 aut
193 4249 408 4316 porcorum,
448 4235 510 4292 aut
533 4243 745 4314 caprarum,
782 4233 846 4290 aut
869 4223 1000 4305 boum,
1042 4236 1105 4292 aut
1155 4225 1350 4295 multitudo
1368 4225 1666 4294 detrimentorum
1681 4223 2042 4314 impeditutilitatem,
2060 4249 2152 4322 quae

108 4327 221 4397 simile
251 4327 439 4422 quiddam.
506 4324 569 4394 Sin
603 4337 719 4394 autem
752 4324 890 4394 lumina
911 4324 1043 4396 suerint
1065 4329 1103 4396 in
1156 4341 1235 4397 erat
1250 4351 1293 4396 ex
1307 4328 1475 4398 distantia
1492 4327 1723 4410 succedentis,
1742 4325 1786 4393 a'd
1806 4327 2032 4398 durationem
2045 4331 2151 4402 vitae.

109 4431 215 4522 siguis
230 4427 421 4511 burmis,
446 4453 512 4498 nec
526 4441 647 4498 tamen
663 4439 823 4498 caeterae
837 4428 960 4498 stellae
974 4451 1104 4520 cogua-
1225 4487 1228 4496 Α
1258 4429 1415 4500 Maxime
1441 4455 1527 4500 vero
1550 4429 1650 4500 Mars
1671 4429 1780 4498 laedit
1802 4429 1923 4498 Solem
1947 4433 2149 4517 succedens,
2233 4482 2236 4489 -

111 4533 244 4604 tionem
278 4557 359 4604 curn
389 4531 461 4602 illis
487 4527 692 4612 habebunt,
725 4544 918 4602 nascentur
941 4545 1102 4604 monstra
1156 4533 1399 4604 Lunarnvero
1416 4533 1603 4604 Saturnus.
1655 4531 1812 4620 Econtra
1833 4555 1922 4602 vero
1945 4535 1983 4602 in
2006 4537 2152 4628 opposi-

109 4631 298 4708 bominum
315 4636 413 4708 iusta
438 4634 646 4730 qualitatem
675 4645 710 4702 et
732 4634 1104 4726 liguramsignorum,
1157 4639 1275 4719 tione,
1309 4650 1372 4707 aut
1395 4661 1475 4706 cum
1499 4635 1684 4728 superiore
1705 4636 1785 4704 loco
1807 4649 1994 4726 ponuntur
2017 4640 2151 4708 malefi-

109 4737 144 4808 iu
161 4740 294 4834 quibus
308 4752 393 4810 suut
416 4737 598 4808 maleficae
620 4737 859 4828 gubernantes
879 4739 1018 4808 lumina
1042 4752 1105 4808 aut
1157 4765 1239 4823 cae,
1265 4741 1384 4808 Solem
1400 4740 1554 4808 maxime
1569 4740 1679 4808 laedit
1693 4738 1889 4822 Saturmts,
1904 4737 2045 4808 Lunam
2062 4760 2163 4810 vern·

108 4844 282 4915 cardines.
335 4841 374 4912 si
389 4841 488 4910 nulla
507 4841 663 4910 benefica
684 4839 835 4930 adspicit
851 4839 910 4908 illa
928 4843 1020 4925 loca,
1038 4866 1103 4910 na·
1157 4843 1274 4925 Mars,
1322 4842 1477 4910 maxime
1503 4843 1534 4911 si
1570 4855 1745 4934 occupent
1771 4841 1849 4910 loca
1877 4841 2056 4913 luminum
2090 4857 2153 4914 aut

106 4959 415 5040 acunturprorsus
436 4945 534 5014 fatua
559 4955 594 5014 et
616 4955 832 5016 monstrosa.
891 4943 956 5014 Sin
982 4955 1102 5016 autem
1157 4945 1395 5015 dominatoris
1425 4941 1630 5036 horoscopi.
1688 4943 1726 5014 si
1759 4955 1878 5012 autem
1901 4947 1993 5013 dnae
2016 4945 2152 5016 fuerint

107 5071 147 5118 ea
169 5047 307 5144 iupiter
327 5061 390 5120 aut
412 5049 533 5120 Venus
558 5048 780 5142 adspiciunt,
814 5057 981 5120 nascetur
1001 5073 1106 5119 mon·
1158 5047 1422 5141 oppositiones,
1449 5049 1497 5116 ita
1513 5061 1555 5118 ut
1569 5047 1607 5116 in
1623 5045 1827 5142 cardinibus
1841 5047 1913 5116 sint
1929 5045 2090 5132 lumina,
2114 5060 2152 5118 et

107 5165 216 5226 mm
235 5151 456 5246 speciosius:
487 5165 529 5222 ut
552 5147 864 5244 hermaphroditi,
897 5167 960 5226 aut
979 5151 1105 5224 balbu-
1157 5151 1338 5224 maleficae
1371 5151 1527 5220 efficiant
1556 5149 1738 5240 trigonum
1765 5151 1919 5220 duorum
1945 5150 2150 5244 aequalium

107 5255 244 5330 tientes
295 5253 337 5326 Si
352 5266 472 5326 summ
493 5253 646 5347 adspicit
668 5281 708 5326 ea
727 5253 946 5342 Mercurius,
971 5257 1105 5349 signiti-
1156 5256 1329 5338 laterum,
1350 5266 1547 5326 nascuntur
1562 5255 1620 5326 vel
1634 5266 1777 5325 mortua
1792 5251 1849 5322 vel
1865 5253 2048 5326 semivivas
2112 5280 2115 5289 ·
2159 5284 2164 5293 ·

106 5371 162 5430 cat
192 5357 437 5438 divinatum,
483 5370 520 5426 et
546 5359 611 5454 qui
636 5359 893 5456 adquaestum
916 5363 1106 5432 conferunt
1260 5355 1350 5428 Cum
1367 5359 1486 5430 autem
1504 5357 1641 5428 lumina
1658 5357 1843 5430 discedunt
1857 5359 1903 5427 ab
1924 5355 2043 5451 aliqua
2066 5377 2153 5430 con·

106 5461 358 5534 divinationes.
432 5459 540 5531 Salsu
571 5475 691 5533 autem
722 5463 923 5536 Mercurius
950 5465 1105 5536 inlausta
1157 5459 1342 5534 iunctione
1374 5461 1637 5546 beneficarum,
1668 5471 1730 5531 aut
1754 5459 1890 5558 alioqui
1917 5483 1977 5532 eas
2000 5446 2162 5532 felicites'

1778 5558 1832 5634 50
