<?xml version="1.0" encoding="UTF-8"?>
<!DOCTYPE html PUBLIC "-//W3C//DTD XHTML 1.0 Transitional//EN"
    "http://www.w3.org/TR/xhtml1/DTD/xhtml1-transitional.dtd">
<html xmlns="http://www.w3.org/1999/xhtml" xml:lang="en" lang="en">
 <head>
  <title>
</title>
<meta http-equiv="Content-Type" content="text/html;charset=utf-8" />
  <meta name='ocr-system' content='tesseract 3.04.00' />
  <meta name='ocr-capabilities' content='ocr_page ocr_carea ocr_par ocr_line ocrx_word'/>
</head>
<body>
  <div class='ocr_page' id='page_1' title='image "./operauaesupersu00melagoog/operauaesupersu00melagoog_0029.png"; bbox 0 0 4844 6122; ppageno 0'>
   <div class='ocr_carea' id='block_1_1' title="bbox 88 211 137 290">
    <p class='ocr_par' dir='ltr' id='par_1_1' title="bbox 88 211 137 290">
     <span class='ocr_line' id='line_1_1' title="bbox 88 211 137 290; baseline -0.082 0"><span class='ocrx_word' id='word_1_1' title='bbox 88 211 137 290; x_wconf 79' lang='lat'>29</span> 
     </span>
    </p>
   </div>
   <div class='ocr_carea' id='block_1_2' title="bbox 91 379 1093 892">
    <p class='ocr_par' dir='ltr' id='par_1_2' title="bbox 91 379 1093 892">
     <span class='ocr_line' id='line_1_2' title="bbox 91 379 1093 476; baseline 0 -24"><span class='ocrx_word' id='word_1_2' title='bbox 91 381 218 458; x_wconf 84' lang='lat' dir='ltr'>Solaris</span> <span class='ocrx_word' id='word_1_3' title='bbox 234 379 391 460; x_wconf 81' lang='lat' dir='ltr'>dicitur3</span> <span class='ocrx_word' id='word_1_4' title='bbox 417 379 661 450; x_wconf 84' lang='lat' dir='ltr'>semicirculus</span> <span class='ocrx_word' id='word_1_5' title='bbox 682 403 769 450; x_wconf 86' lang='lat' dir='ltr'>vero</span> <span class='ocrx_word' id='word_1_6' title='bbox 795 382 840 451; x_wconf 91' lang='lat' dir='ltr'>ab</span> <span class='ocrx_word' id='word_1_7' title='bbox 856 379 1018 476; x_wconf 89' lang='lat' dir='ltr'>Aquario</span> <span class='ocrx_word' id='word_1_8' title='bbox 1034 407 1093 452; x_wconf 92' lang='lat' dir='ltr'>us·</span> 
     </span>
     <span class='ocr_line' id='line_1_3' title="bbox 92 480 1093 586; baseline -0.006 -28"><span class='ocrx_word' id='word_1_9' title='bbox 92 513 154 586; x_wconf 88' lang='lat' dir='ltr'>que</span> <span class='ocrx_word' id='word_1_10' title='bbox 178 487 223 555; x_wconf 88' lang='lat' dir='ltr'>ad</span> <span class='ocrx_word' id='word_1_11' title='bbox 248 484 437 556; x_wconf 83' lang='lat' dir='ltr'><strong>Cancrum</strong></span> <span class='ocrx_word' id='word_1_12' title='bbox 463 480 639 568; x_wconf 87' lang='lat' dir='ltr'>Lunaris,</span> <span class='ocrx_word' id='word_1_13' title='bbox 680 495 721 554; x_wconf 92' lang='lat' dir='ltr'>ut</span> <span class='ocrx_word' id='word_1_14' title='bbox 742 484 779 553; x_wconf 93' lang='lat' dir='ltr'>in</span> <span class='ocrx_word' id='word_1_15' title='bbox 805 486 966 580; x_wconf 89' lang='lat' dir='ltr'>quolibet</span> <span class='ocrx_word' id='word_1_16' title='bbox 988 485 1093 556; x_wconf 91' lang='lat' dir='ltr'>serni-</span> 
     </span>
     <span class='ocr_line' id='line_1_4' title="bbox 93 585 1093 681; baseline -0.006 -18"><span class='ocrx_word' id='word_1_17' title='bbox 93 590 216 664; x_wconf 81' lang='lat' dir='ltr'>circulo</span> <span class='ocrx_word' id='word_1_18' title='bbox 243 589 393 681; x_wconf 87' lang='lat' dir='ltr'>signum</span> <span class='ocrx_word' id='word_1_19' title='bbox 427 587 595 680; x_wconf 88' lang='lat' dir='ltr'>planetae</span> <span class='ocrx_word' id='word_1_20' title='bbox 625 585 803 658; x_wconf 80' lang='lat' dir='ltr'>familiare</span> <span class='ocrx_word' id='word_1_21' title='bbox 836 589 1093 658; x_wconf 78' lang='lat' dir='ltr'>attribueretur</span> 
     </span>
     <span class='ocr_line' id='line_1_5' title="bbox 96 689 1091 782; baseline -0.006 -16"><span class='ocrx_word' id='word_1_22' title='bbox 96 697 148 767; x_wconf 84' lang='lat' dir='ltr'>rel</span> <span class='ocrx_word' id='word_1_23' title='bbox 168 693 254 764; x_wconf 89' lang='lat' dir='ltr'>Solis</span> <span class='ocrx_word' id='word_1_24' title='bbox 283 703 463 774; x_wconf 91' lang='lat' dir='ltr'>naturae,</span> <span class='ocrx_word' id='word_1_25' title='bbox 506 691 564 759; x_wconf 89' lang='lat' dir='ltr'>vel</span> <span class='ocrx_word' id='word_1_26' title='bbox 582 689 707 760; x_wconf 91' lang='lat' dir='ltr'>Lunae</span> <span class='ocrx_word' id='word_1_27' title='bbox 735 715 955 782; x_wconf 80' lang='lat' dir='ltr'>congruens,</span> <span class='ocrx_word' id='word_1_28' title='bbox 994 692 1091 761; x_wconf 83' lang='lat' dir='ltr'>iuxta</span> 
     </span>
     <span class='ocr_line' id='line_1_6' title="bbox 99 792 835 892; baseline -0.005 -22"><span class='ocrx_word' id='word_1_29' title='bbox 99 799 245 892; x_wconf 90' lang='lat' dir='ltr'>positum</span> <span class='ocrx_word' id='word_1_30' title='bbox 262 796 410 865; x_wconf 90' lang='lat' dir='ltr'>orbium</span> <span class='ocrx_word' id='word_1_31' title='bbox 427 807 464 863; x_wconf 93' lang='lat' dir='ltr'>et</span> <span class='ocrx_word' id='word_1_32' title='bbox 481 817 606 864; x_wconf 90' lang='lat' dir='ltr'>eorum</span> <span class='ocrx_word' id='word_1_33' title='bbox 628 806 775 864; x_wconf 90' lang='lat' dir='ltr'>naturas</span> <span class='ocrx_word' id='word_1_34' title='bbox 789 792 835 890; x_wconf 82' lang='lat'>⁸).</span> 
     </span>
    </p>
   </div>
   <div class='ocr_carea' id='block_1_3' title="bbox 19 929 1094 1543">
    <p class='ocr_par' dir='ltr' id='par_1_3' title="bbox 19 929 1094 1543">
     <span class='ocr_line' id='line_1_7' title="bbox 201 929 1094 1026; baseline -0.004 -22"><span class='ocrx_word' id='word_1_35' title='bbox 201 931 284 1004; x_wconf 79' lang='lat' dir='ltr'>liam</span> <span class='ocrx_word' id='word_1_36' title='bbox 299 931 483 1016; x_wconf 90' lang='lat' dir='ltr'>Saturno,</span> <span class='ocrx_word' id='word_1_37' title='bbox 511 931 593 1026; x_wconf 93' lang='lat' dir='ltr'>quia</span> <span class='ocrx_word' id='word_1_38' title='bbox 612 930 768 1000; x_wconf 84' lang='lat' dir='ltr'>maxime</span> <span class='ocrx_word' id='word_1_39' title='bbox 783 929 934 1022; x_wconf 87' lang='lat' dir='ltr'>frigidus</span> <span class='ocrx_word' id='word_1_40' title='bbox 951 943 1023 1015; x_wconf 89' lang='lat' dir='ltr'>est,</span> <span class='ocrx_word' id='word_1_41' title='bbox 1058 943 1094 1000; x_wconf 91' lang='lat' dir='ltr'>et</span> 
     </span>
     <span class='ocr_line' id='line_1_8' title="bbox 123 1033 1093 1128; baseline -0.002 -23"><span class='ocrx_word' id='word_1_42' title='bbox 123 1061 188 1106; x_wconf 88' lang='lat' dir='ltr'>cum</span> <span class='ocrx_word' id='word_1_43' title='bbox 199 1035 301 1105; x_wconf 86' lang='lat' dir='ltr'>calore</span> <span class='ocrx_word' id='word_1_44' title='bbox 318 1047 480 1128; x_wconf 82' lang='lat' dir='ltr'>pugnat,</span> <span class='ocrx_word' id='word_1_45' title='bbox 508 1058 550 1104; x_wconf 92' lang='lat' dir='ltr'>ac</span> <span class='ocrx_word' id='word_1_46' title='bbox 566 1057 774 1125; x_wconf 89' lang='lat' dir='ltr'>supremum</span> <span class='ocrx_word' id='word_1_47' title='bbox 790 1037 913 1104; x_wconf 90' lang='lat' dir='ltr'>orbem</span> <span class='ocrx_word' id='word_1_48' title='bbox 942 1059 961 1104; x_wconf 93' lang='lat' dir='ltr'>a</span> <span class='ocrx_word' id='word_1_49' title='bbox 986 1033 1093 1104; x_wconf 90' lang='lat' dir='ltr'>lumi-</span> 
     </span>
     <span class='ocr_line' id='line_1_9' title="bbox 19 1137 1090 1230; baseline -0.003 -22"><span class='ocrx_word' id='word_1_50' title='bbox 19 1181 20 1190; x_wconf 56' lang='lat'>.</span> <span class='ocrx_word' id='word_1_51' title='bbox 82 1169 83 1177; x_wconf 49' lang='lat'>¹</span> <span class='ocrx_word' id='word_1_52' title='bbox 116 1139 197 1210; x_wconf 83' lang='lat' dir='ltr'>nibus</span> <span class='ocrx_word' id='word_1_53' title='bbox 209 1139 365 1210; x_wconf 82' lang='lat' dir='ltr'>maxime</span> <span class='ocrx_word' id='word_1_54' title='bbox 381 1151 564 1208; x_wconf 91' lang='lat' dir='ltr'>remotum</span> <span class='ocrx_word' id='word_1_55' title='bbox 581 1150 689 1221; x_wconf 91' lang='lat' dir='ltr'>tenet,</span> <span class='ocrx_word' id='word_1_56' title='bbox 707 1139 877 1208; x_wconf 91' lang='lat' dir='ltr'>attributa</span> <span class='ocrx_word' id='word_1_57' title='bbox 893 1151 976 1210; x_wconf 93' lang='lat' dir='ltr'>sunt</span> <span class='ocrx_word' id='word_1_58' title='bbox 991 1137 1090 1230; x_wconf 88' lang='lat' dir='ltr'>sigua</span> 
     </span>
     <span class='ocr_line' id='line_1_10' title="bbox 109 1239 1093 1336; baseline -0.003 -23"><span class='ocrx_word' id='word_1_59' title='bbox 109 1241 222 1314; x_wconf 83' lang='lat' dir='ltr'>Cancro</span> <span class='ocrx_word' id='word_1_60' title='bbox 236 1255 273 1313; x_wconf 89' lang='lat' dir='ltr'>et</span> <span class='ocrx_word' id='word_1_61' title='bbox 289 1239 411 1312; x_wconf 86' lang='lat' dir='ltr'>Leoni</span> <span class='ocrx_word' id='word_1_62' title='bbox 429 1240 616 1334; x_wconf 89' lang='lat' dir='ltr'>opposita,</span> <span class='ocrx_word' id='word_1_63' title='bbox 649 1239 892 1333; x_wconf 73' lang='lat' dir='ltr'>Capricornus</span> <span class='ocrx_word' id='word_1_64' title='bbox 919 1255 954 1312; x_wconf 92' lang='lat' dir='ltr'>et</span> <span class='ocrx_word' id='word_1_65' title='bbox 971 1241 1093 1336; x_wconf 91' lang='lat' dir='ltr'>Aqua·</span> 
     </span>
     <span class='ocr_line' id='line_1_11' title="bbox 20 1339 1093 1441; baseline -0.004 -25"><span class='ocrx_word' id='word_1_66' title='bbox 20 1425 21 1430; x_wconf 8' lang='grc' dir='ltr'>ἵ</span> <span class='ocrx_word' id='word_1_67' title='bbox 104 1346 181 1416; x_wconf 87' lang='lat' dir='ltr'>rius:</span> <span class='ocrx_word' id='word_1_68' title='bbox 205 1369 298 1441; x_wconf 91' lang='lat' dir='ltr'>quae</span> <span class='ocrx_word' id='word_1_69' title='bbox 322 1344 427 1436; x_wconf 88' lang='lat' dir='ltr'>signa</span> <span class='ocrx_word' id='word_1_70' title='bbox 452 1343 584 1436; x_wconf 89' lang='lat' dir='ltr'>etipsa</span> <span class='ocrx_word' id='word_1_71' title='bbox 607 1357 691 1414; x_wconf 91' lang='lat' dir='ltr'>sunt</span> <span class='ocrx_word' id='word_1_72' title='bbox 714 1345 842 1437; x_wconf 89' lang='lat' dir='ltr'>frigida</span> <span class='ocrx_word' id='word_1_73' title='bbox 868 1359 904 1415; x_wconf 90' lang='lat' dir='ltr'>et</span> <span class='ocrx_word' id='word_1_74' title='bbox 925 1339 1093 1428; x_wconf 90' lang='lat' dir='ltr'>hiberna,</span> 
     </span>
     <span class='ocr_line' id='line_1_12' title="bbox 104 1447 766 1543; baseline -0.002 -24"><span class='ocrx_word' id='word_1_75' title='bbox 104 1461 133 1520; x_wconf 91' lang='lat' dir='ltr'>et</span> <span class='ocrx_word' id='word_1_76' title='bbox 145 1464 287 1543; x_wconf 90' lang='lat' dir='ltr'>propter</span> <span class='ocrx_word' id='word_1_77' title='bbox 305 1447 576 1540; x_wconf 87' lang='lat' dir='ltr'>oppositionem</span> <span class='ocrx_word' id='word_1_78' title='bbox 594 1449 766 1518; x_wconf 89' lang='lat' dir='ltr'>malefica.</span> 
     </span>
    </p>
   </div>
   <div class='ocr_carea' id='block_1_4' title="bbox 105 1581 1093 2094">
    <p class='ocr_par' dir='ltr' id='par_1_4' title="bbox 105 1581 1093 2094">
     <span class='ocr_line' id='line_1_13' title="bbox 188 1581 1093 1678; baseline -0.001 -25"><span class='ocrx_word' id='word_1_79' title='bbox 188 1582 261 1656; x_wconf 88' lang='lat' dir='ltr'>lovi</span> <span class='ocrx_word' id='word_1_80' title='bbox 291 1596 439 1666; x_wconf 87' lang='lat' dir='ltr'>autern,</span> <span class='ocrx_word' id='word_1_81' title='bbox 480 1581 543 1678; x_wconf 89' lang='lat' dir='ltr'>qui</span> <span class='ocrx_word' id='word_1_82' title='bbox 566 1595 619 1654; x_wconf 91' lang='lat' dir='ltr'>est</span> <span class='ocrx_word' id='word_1_83' title='bbox 642 1593 860 1674; x_wconf 87' lang='lat' dir='ltr'>temperatae</span> <span class='ocrx_word' id='word_1_84' title='bbox 881 1595 1032 1653; x_wconf 90' lang='lat' dir='ltr'>naturae</span> <span class='ocrx_word' id='word_1_85' title='bbox 1058 1594 1093 1652; x_wconf 91' lang='lat' dir='ltr'>et</span> 
     </span>
     <span class='ocr_line' id='line_1_14' title="bbox 105 1683 1092 1777; baseline -0.008 -15"><span class='ocrx_word' id='word_1_86' title='bbox 105 1687 261 1762; x_wconf 79' lang='lat' dir='ltr'>subiectus</span> <span class='ocrx_word' id='word_1_87' title='bbox 286 1687 370 1758; x_wconf 93' lang='lat' dir='ltr'>orbi</span> <span class='ocrx_word' id='word_1_88' title='bbox 395 1685 564 1770; x_wconf 83' lang='lat' dir='ltr'>Saturni,</span> <span class='ocrx_word' id='word_1_89' title='bbox 603 1687 685 1756; x_wconf 92' lang='lat' dir='ltr'>data</span> <span class='ocrx_word' id='word_1_90' title='bbox 718 1697 801 1756; x_wconf 91' lang='lat' dir='ltr'>sunt</span> <span class='ocrx_word' id='word_1_91' title='bbox 827 1685 992 1777; x_wconf 81' lang='lat' dir='ltr'>proxima</span> <span class='ocrx_word' id='word_1_92' title='bbox 1023 1683 1092 1754; x_wconf 94' lang='lat' dir='ltr'>illis</span> 
     </span>
     <span class='ocr_line' id='line_1_15' title="bbox 106 1787 1092 1884; baseline -0.005 -22"><span class='ocrx_word' id='word_1_93' title='bbox 106 1792 209 1884; x_wconf 85' lang='lat' dir='ltr'>sigua,</span> <span class='ocrx_word' id='word_1_94' title='bbox 231 1805 384 1862; x_wconf 89' lang='lat' dir='ltr'>ventosa</span> <span class='ocrx_word' id='word_1_95' title='bbox 406 1803 441 1860; x_wconf 93' lang='lat' dir='ltr'>et</span> <span class='ocrx_word' id='word_1_96' title='bbox 456 1790 653 1876; x_wconf 90' lang='lat' dir='ltr'>foecunda,</span> <span class='ocrx_word' id='word_1_97' title='bbox 680 1787 892 1880; x_wconf 77' lang='lat' dir='ltr'>Sagittarius</span> <span class='ocrx_word' id='word_1_98' title='bbox 909 1801 943 1859; x_wconf 89' lang='lat' dir='ltr'>et</span> <span class='ocrx_word' id='word_1_99' title='bbox 960 1789 1092 1872; x_wconf 88' lang='lat' dir='ltr'>Pisces,</span> 
     </span>
     <span class='ocr_line' id='line_1_16' title="bbox 108 1893 1093 1989; baseline -0.003 -25"><span class='ocrx_word' id='word_1_100' title='bbox 108 1920 183 1989; x_wconf 86' lang='lat' dir='ltr'>quae</span> <span class='ocrx_word' id='word_1_101' title='bbox 203 1895 382 1966; x_wconf 89' lang='lat' dir='ltr'>luminum</span> <span class='ocrx_word' id='word_1_102' title='bbox 408 1893 509 1986; x_wconf 88' lang='lat' dir='ltr'>signa</span> <span class='ocrx_word' id='word_1_103' title='bbox 533 1893 676 1984; x_wconf 90' lang='lat' dir='ltr'>trigono</span> <span class='ocrx_word' id='word_1_104' title='bbox 704 1895 874 1986; x_wconf 89' lang='lat' dir='ltr'>adspectu</span> <span class='ocrx_word' id='word_1_105' title='bbox 893 1893 1093 1975; x_wconf 88' lang='lat' dir='ltr'>intuentur,</span> 
     </span>
     <span class='ocr_line' id='line_1_17' title="bbox 110 1995 621 2094; baseline 0.002 -27"><span class='ocrx_word' id='word_1_106' title='bbox 110 1997 340 2094; x_wconf 69' lang='lat' dir='ltr'>quiconmnit</span> <span class='ocrx_word' id='word_1_107' title='bbox 351 1995 621 2068; x_wconf 89' lang='lat' dir='ltr'>beneficentiae.</span> 
     </span>
    </p>
   </div>
   <div class='ocr_carea' id='block_1_5' title="bbox 107 2130 1093 2642">
    <p class='ocr_par' dir='ltr' id='par_1_5' title="bbox 107 2130 1093 2642">
     <span class='ocr_line' id='line_1_18' title="bbox 205 2130 1092 2224; baseline 0.001 -23"><span class='ocrx_word' id='word_1_108' title='bbox 205 2131 343 2202; x_wconf 75' lang='lat' dir='ltr'>Deinde</span> <span class='ocrx_word' id='word_1_109' title='bbox 355 2133 459 2203; x_wconf 84' lang='lat' dir='ltr'>blarti</span> <span class='ocrx_word' id='word_1_110' title='bbox 477 2133 707 2218; x_wconf 90' lang='lat' dir='ltr'>desiccatori,</span> <span class='ocrx_word' id='word_1_111' title='bbox 733 2145 769 2203; x_wconf 92' lang='lat' dir='ltr'>et</span> <span class='ocrx_word' id='word_1_112' title='bbox 776 2130 900 2224; x_wconf 88' lang='lat' dir='ltr'>posito</span> <span class='ocrx_word' id='word_1_113' title='bbox 918 2133 985 2202; x_wconf 92' lang='lat' dir='ltr'>sub</span> <span class='ocrx_word' id='word_1_114' title='bbox 1005 2133 1092 2202; x_wconf 92' lang='lat' dir='ltr'>orbe</span> 
     </span>
     <span class='ocr_line' id='line_1_19' title="bbox 123 2229 1091 2328; baseline 0.002 -26"><span class='ocrx_word' id='word_1_115' title='bbox 123 2229 220 2320; x_wconf 80' lang='lat' dir='ltr'>loris,</span> <span class='ocrx_word' id='word_1_116' title='bbox 255 2238 347 2328; x_wconf 77' lang='lat' dir='ltr'>st&#39;gua</span> <span class='ocrx_word' id='word_1_117' title='bbox 374 2237 570 2308; x_wconf 82' lang='lat' dir='ltr'>domiciliis</span> <span class='ocrx_word' id='word_1_118' title='bbox 590 2234 686 2308; x_wconf 84' lang='lat' dir='ltr'>lovis</span> <span class='ocrx_word' id='word_1_119' title='bbox 720 2237 886 2328; x_wconf 79' lang='lat' dir='ltr'>proxima</span> <span class='ocrx_word' id='word_1_120' title='bbox 919 2237 1091 2307; x_wconf 89' lang='lat' dir='ltr'>attributa</span> 
     </span>
     <span class='ocr_line' id='line_1_20' title="bbox 112 2339 1090 2436; baseline 0 -28"><span class='ocrx_word' id='word_1_121' title='bbox 112 2351 201 2424; x_wconf 88' lang='lat' dir='ltr'>suut,</span> <span class='ocrx_word' id='word_1_122' title='bbox 224 2339 386 2435; x_wconf 87' lang='lat' dir='ltr'>Scorpius</span> <span class='ocrx_word' id='word_1_123' title='bbox 401 2355 437 2412; x_wconf 93' lang='lat' dir='ltr'>et</span> <span class='ocrx_word' id='word_1_124' title='bbox 452 2341 575 2425; x_wconf 86' lang='lat' dir='ltr'>Aries,</span> <span class='ocrx_word' id='word_1_125' title='bbox 602 2363 695 2436; x_wconf 90' lang='lat' dir='ltr'>quae</span> <span class='ocrx_word' id='word_1_126' title='bbox 709 2351 859 2432; x_wconf 90' lang='lat' dir='ltr'>propter</span> <span class='ocrx_word' id='word_1_127' title='bbox 875 2341 1090 2434; x_wconf 89' lang='lat' dir='ltr'>quadratum</span> 
     </span>
     <span class='ocr_line' id='line_1_21' title="bbox 107 2442 1093 2536; baseline -0.002 -22"><span class='ocrx_word' id='word_1_128' title='bbox 107 2443 292 2536; x_wconf 74' lang='lat' dir='ltr'>adspectum</span> <span class='ocrx_word' id='word_1_129' title='bbox 315 2447 364 2514; x_wconf 87' lang='lat' dir='ltr'>ad</span> <span class='ocrx_word' id='word_1_130' title='bbox 379 2445 558 2515; x_wconf 90' lang='lat' dir='ltr'>luminum</span> <span class='ocrx_word' id='word_1_131' title='bbox 576 2442 778 2528; x_wconf 91' lang='lat' dir='ltr'>domicilia,</span> <span class='ocrx_word' id='word_1_132' title='bbox 804 2455 1008 2534; x_wconf 88' lang='lat' dir='ltr'>congruunt</span> <span class='ocrx_word' id='word_1_133' title='bbox 1029 2467 1093 2514; x_wconf 89' lang='lat' dir='ltr'>na-</span> 
     </span>
     <span class='ocr_line' id='line_1_22' title="bbox 110 2547 638 2642; baseline 0.004 -26"><span class='ocrx_word' id='word_1_134' title='bbox 110 2557 193 2618; x_wconf 84' lang='lat' dir='ltr'>turae</span> <span class='ocrx_word' id='word_1_135' title='bbox 206 2549 339 2620; x_wconf 80' lang='lat' dir='ltr'>noxiae</span> <span class='ocrx_word' id='word_1_136' title='bbox 355 2562 392 2620; x_wconf 92' lang='lat' dir='ltr'>et</span> <span class='ocrx_word' id='word_1_137' title='bbox 411 2547 638 2642; x_wconf 87' lang='lat' dir='ltr'>corruptrici.</span> 
     </span>
    </p>
   </div>
   <div class='ocr_carea' id='block_1_6' title="bbox 98 2685 1094 3302">
    <p class='ocr_par' dir='ltr' id='par_1_6' title="bbox 98 2685 1094 3302">
     <span class='ocr_line' id='line_1_23' title="bbox 187 2685 1092 2780; baseline 0.002 -28"><span class='ocrx_word' id='word_1_138' title='bbox 187 2685 322 2756; x_wconf 83' lang='lat' dir='ltr'>Veneri</span> <span class='ocrx_word' id='word_1_139' title='bbox 349 2709 458 2770; x_wconf 81' lang='lat' dir='ltr'>vero,</span> <span class='ocrx_word' id='word_1_140' title='bbox 502 2711 594 2780; x_wconf 90' lang='lat' dir='ltr'>quae</span> <span class='ocrx_word' id='word_1_141' title='bbox 618 2697 770 2755; x_wconf 87' lang='lat' dir='ltr'>naturae</span> <span class='ocrx_word' id='word_1_142' title='bbox 796 2697 849 2756; x_wconf 90' lang='lat' dir='ltr'>est</span> <span class='ocrx_word' id='word_1_143' title='bbox 873 2697 1092 2779; x_wconf 84' lang='lat' dir='ltr'>temperatae</span> 
     </span>
     <span class='ocr_line' id='line_1_24' title="bbox 103 2786 1093 2883; baseline 0.002 -27"><span class='ocrx_word' id='word_1_144' title='bbox 103 2791 198 2860; x_wconf 72' lang='lat' dir='ltr'>asub</span> <span class='ocrx_word' id='word_1_145' title='bbox 213 2793 304 2862; x_wconf 86' lang='lat' dir='ltr'>orbe</span> <span class='ocrx_word' id='word_1_146' title='bbox 321 2789 453 2862; x_wconf 86' lang='lat' dir='ltr'>Martis</span> <span class='ocrx_word' id='word_1_147' title='bbox 472 2791 589 2881; x_wconf 91' lang='lat' dir='ltr'>posita</span> <span class='ocrx_word' id='word_1_148' title='bbox 600 2844 623 2882; x_wconf 25' lang='grc' dir='ltr'>,Ι</span> <span class='ocrx_word' id='word_1_149' title='bbox 637 2790 807 2858; x_wconf 91' lang='lat' dir='ltr'>attributa</span> <span class='ocrx_word' id='word_1_150' title='bbox 831 2803 914 2861; x_wconf 89' lang='lat' dir='ltr'>sunt</span> <span class='ocrx_word' id='word_1_151' title='bbox 931 2786 987 2862; x_wconf 91' lang='lat' dir='ltr'>his</span> <span class='ocrx_word' id='word_1_152' title='bbox 1008 2815 1093 2883; x_wconf 93' lang='lat' dir='ltr'>pro-</span> 
     </span>
     <span class='ocr_line' id='line_1_25' title="bbox 100 2891 1094 2986; baseline 0.004 -26"><span class='ocrx_word' id='word_1_153' title='bbox 100 2891 178 2963; x_wconf 85' lang='lat' dir='ltr'>xima</span> <span class='ocrx_word' id='word_1_154' title='bbox 204 2907 240 2966; x_wconf 90' lang='lat' dir='ltr'>et</span> <span class='ocrx_word' id='word_1_155' title='bbox 266 2893 551 2964; x_wconf 88' lang='lat' dir='ltr'>foecundissima</span> <span class='ocrx_word' id='word_1_156' title='bbox 573 2893 694 2986; x_wconf 87' lang='lat' dir='ltr'>signa,</span> <span class='ocrx_word' id='word_1_157' title='bbox 735 2891 846 2963; x_wconf 91' lang='lat' dir='ltr'>Libra</span> <span class='ocrx_word' id='word_1_158' title='bbox 879 2905 914 2962; x_wconf 90' lang='lat' dir='ltr'>et</span> <span class='ocrx_word' id='word_1_159' title='bbox 935 2895 1094 2978; x_wconf 73' lang='lat' dir='ltr'>TauruS,</span> 
     </span>
     <span class='ocr_line' id='line_1_26' title="bbox 98 2997 1092 3091; baseline 0.003 -25"><span class='ocrx_word' id='word_1_160' title='bbox 98 3021 176 3090; x_wconf 89' lang='lat' dir='ltr'>qnae</span> <span class='ocrx_word' id='word_1_161' title='bbox 190 3011 347 3091; x_wconf 91' lang='lat' dir='ltr'>propter</span> <span class='ocrx_word' id='word_1_162' title='bbox 361 2997 597 3088; x_wconf 79' lang='lat' dir='ltr'>sexangulum</span> <span class='ocrx_word' id='word_1_163' title='bbox 613 2999 819 3090; x_wconf 86' lang='lat' dir='ltr'>adspectum</span> <span class='ocrx_word' id='word_1_164' title='bbox 836 2997 981 3067; x_wconf 91' lang='lat' dir='ltr'>mitiora</span> <span class='ocrx_word' id='word_1_165' title='bbox 997 3009 1092 3069; x_wconf 90' lang='lat' dir='ltr'>sunt.</span> 
     </span>
     <span class='ocr_line' id='line_1_27' title="bbox 100 3097 1092 3196; baseline 0.002 -28"><span class='ocrx_word' id='word_1_166' title='bbox 100 3097 209 3196; x_wconf 76' lang='lat' dir='ltr'>licque</span> <span class='ocrx_word' id='word_1_167' title='bbox 231 3099 327 3172; x_wconf 91' lang='lat' dir='ltr'>haec</span> <span class='ocrx_word' id='word_1_168' title='bbox 349 3101 453 3172; x_wconf 90' lang='lat' dir='ltr'>stella</span> <span class='ocrx_word' id='word_1_169' title='bbox 474 3101 629 3195; x_wconf 86' lang='lat' dir='ltr'>amplius</span> <span class='ocrx_word' id='word_1_170' title='bbox 652 3101 793 3172; x_wconf 88' lang='lat' dir='ltr'>duobus</span> <span class='ocrx_word' id='word_1_171' title='bbox 823 3099 935 3192; x_wconf 88' lang='lat' dir='ltr'>signis</span> <span class='ocrx_word' id='word_1_172' title='bbox 965 3101 1092 3186; x_wconf 85' lang='lat' dir='ltr'>anteit,</span> 
     </span>
     <span class='ocr_line' id='line_1_28' title="bbox 105 3203 483 3302; baseline 0.016 -32"><span class='ocrx_word' id='word_1_173' title='bbox 105 3215 159 3273; x_wconf 82' lang='lat' dir='ltr'>aut</span> <span class='ocrx_word' id='word_1_174' title='bbox 173 3207 329 3302; x_wconf 88' lang='lat' dir='ltr'>sequitur</span> <span class='ocrx_word' id='word_1_175' title='bbox 346 3203 483 3276; x_wconf 89' lang='lat' dir='ltr'>Solem.</span> 
     </span>
    </p>
   </div>
   <div class='ocr_carea' id='block_1_7' title="bbox 93 3343 1092 3855">
    <p class='ocr_par' dir='ltr' id='par_1_7' title="bbox 93 3343 1092 3855">
     <span class='ocr_line' id='line_1_29' title="bbox 186 3343 1091 3440; baseline -0.002 -22"><span class='ocrx_word' id='word_1_176' title='bbox 186 3345 374 3420; x_wconf 82' lang='lat' dir='ltr'>Mercurio</span> <span class='ocrx_word' id='word_1_177' title='bbox 393 3369 494 3428; x_wconf 90' lang='lat' dir='ltr'>vero,</span> <span class='ocrx_word' id='word_1_178' title='bbox 521 3345 583 3440; x_wconf 90' lang='lat' dir='ltr'>qui</span> <span class='ocrx_word' id='word_1_179' title='bbox 599 3343 746 3416; x_wconf 90' lang='lat' dir='ltr'>ultimus</span> <span class='ocrx_word' id='word_1_180' title='bbox 763 3355 828 3430; x_wconf 90' lang='lat' dir='ltr'>est,</span> <span class='ocrx_word' id='word_1_181' title='bbox 854 3367 919 3414; x_wconf 91' lang='lat' dir='ltr'>nec</span> <span class='ocrx_word' id='word_1_182' title='bbox 937 3343 1091 3438; x_wconf 89' lang='lat' dir='ltr'>amplius</span> 
     </span>
     <span class='ocr_line' id='line_1_30' title="bbox 96 3448 1089 3545; baseline 0.002 -29"><span class='ocrx_word' id='word_1_183' title='bbox 96 3473 160 3518; x_wconf 88' lang='lat' dir='ltr'>uno</span> <span class='ocrx_word' id='word_1_184' title='bbox 176 3453 281 3545; x_wconf 84' lang='lat' dir='ltr'>siguo</span> <span class='ocrx_word' id='word_1_185' title='bbox 297 3475 317 3520; x_wconf 92' lang='lat' dir='ltr'>a</span> <span class='ocrx_word' id='word_1_186' title='bbox 336 3449 422 3520; x_wconf 90' lang='lat' dir='ltr'>Sole</span> <span class='ocrx_word' id='word_1_187' title='bbox 438 3449 594 3533; x_wconf 89' lang='lat' dir='ltr'>recedit,</span> <span class='ocrx_word' id='word_1_188' title='bbox 621 3461 656 3518; x_wconf 91' lang='lat' dir='ltr'>et</span> <span class='ocrx_word' id='word_1_189' title='bbox 680 3449 834 3519; x_wconf 90' lang='lat' dir='ltr'>aliorum</span> <span class='ocrx_word' id='word_1_190' title='bbox 862 3448 1089 3542; x_wconf 88' lang='lat' dir='ltr'>planetarum</span> 
     </span>
     <span class='ocr_line' id='line_1_31' title="bbox 96 3551 1092 3644; baseline 0.002 -24"><span class='ocrx_word' id='word_1_191' title='bbox 96 3553 230 3626; x_wconf 87' lang='lat' dir='ltr'>orbibus</span> <span class='ocrx_word' id='word_1_192' title='bbox 245 3556 451 3638; x_wconf 86' lang='lat' dir='ltr'>subiectus,</span> <span class='ocrx_word' id='word_1_193' title='bbox 479 3577 519 3622; x_wconf 92' lang='lat' dir='ltr'>ac</span> <span class='ocrx_word' id='word_1_194' title='bbox 533 3551 730 3624; x_wconf 87' lang='lat' dir='ltr'>luminibus</span> <span class='ocrx_word' id='word_1_195' title='bbox 745 3553 931 3644; x_wconf 88' lang='lat' dir='ltr'>proximus</span> <span class='ocrx_word' id='word_1_196' title='bbox 948 3566 1012 3638; x_wconf 88' lang='lat' dir='ltr'>est,</span> <span class='ocrx_word' id='word_1_197' title='bbox 1039 3567 1092 3623; x_wconf 93' lang='lat' dir='ltr'>at-</span> 
     </span>
     <span class='ocr_line' id='line_1_32' title="bbox 94 3655 1092 3750; baseline 0.003 -27"><span class='ocrx_word' id='word_1_198' title='bbox 94 3657 216 3729; x_wconf 90' lang='lat' dir='ltr'>tributa</span> <span class='ocrx_word' id='word_1_199' title='bbox 249 3671 337 3731; x_wconf 86' lang='lat' dir='ltr'>sunt</span> <span class='ocrx_word' id='word_1_200' title='bbox 365 3655 468 3750; x_wconf 86' lang='lat' dir='ltr'>signa</span> <span class='ocrx_word' id='word_1_201' title='bbox 496 3655 688 3727; x_wconf 90' lang='lat' dir='ltr'>domiciliis</span> <span class='ocrx_word' id='word_1_202' title='bbox 710 3656 889 3728; x_wconf 92' lang='lat' dir='ltr'>luminum</span> <span class='ocrx_word' id='word_1_203' title='bbox 913 3659 1092 3750; x_wconf 83' lang='lat' dir='ltr'>proxima,</span> 
     </span>
     <span class='ocr_line' id='line_1_33' title="bbox 93 3757 432 3855; baseline 0.009 -25"><span class='ocrx_word' id='word_1_204' title='bbox 93 3757 231 3833; x_wconf 82' lang='lat' dir='ltr'>Gemini</span> <span class='ocrx_word' id='word_1_205' title='bbox 255 3761 432 3855; x_wconf 81' lang='lat' dir='ltr'>etVirgo.</span> 
     </span>
    </p>
   </div>
   <div class='ocr_carea' id='block_1_8' title="bbox 474 3969 789 4060">
    <p class='ocr_par' dir='ltr' id='par_1_8' title="bbox 474 3969 789 4060">
     <span class='ocr_line' id='line_1_34' title="bbox 474 3969 789 4060; baseline -0.003 -22"><span class='ocrx_word' id='word_1_206' title='bbox 474 3971 529 4038; x_wconf 86' lang='lat' dir='ltr'>De</span> <span class='ocrx_word' id='word_1_207' title='bbox 554 3969 711 4060; x_wconf 70' lang='lat' dir='ltr'>triponis.</span> <span class='ocrx_word' id='word_1_208' title='bbox 786 3996 789 4005; x_wconf 94' lang='lat'>·</span> 
     </span>
    </p>
   </div>
   <div class='ocr_carea' id='block_1_9' title="bbox 85 4099 1092 4720">
    <p class='ocr_par' dir='ltr' id='par_1_9' title="bbox 85 4099 1092 4720">
     <span class='ocr_line' id='line_1_35' title="bbox 201 4099 1092 4194; baseline 0.006 -25"><span class='ocrx_word' id='word_1_209' title='bbox 201 4099 441 4194; x_wconf 89' lang='lat' dir='ltr'>Trigouorum</span> <span class='ocrx_word' id='word_1_210' title='bbox 468 4104 696 4176; x_wconf 84' lang='lat' dir='ltr'>familiaritas</span> <span class='ocrx_word' id='word_1_211' title='bbox 729 4103 810 4194; x_wconf 84' lang='lat' dir='ltr'>talis</span> <span class='ocrx_word' id='word_1_212' title='bbox 837 4115 900 4174; x_wconf 91' lang='lat' dir='ltr'>est.</span> <span class='ocrx_word' id='word_1_213' title='bbox 960 4099 1092 4174; x_wconf 88' lang='lat' dir='ltr'>Trian-</span> 
     </span>
     <span class='ocr_line' id='line_1_36' title="bbox 87 4203 1092 4303; baseline 0.002 -29"><span class='ocrx_word' id='word_1_214' title='bbox 87 4203 194 4296; x_wconf 83' lang='lat' dir='ltr'>gulus</span> <span class='ocrx_word' id='word_1_215' title='bbox 224 4210 427 4303; x_wconf 87' lang='lat' dir='ltr'>aequalium</span> <span class='ocrx_word' id='word_1_216' title='bbox 453 4207 605 4280; x_wconf 90' lang='lat' dir='ltr'>laterum</span> <span class='ocrx_word' id='word_1_217' title='bbox 630 4211 742 4298; x_wconf 87' lang='lat' dir='ltr'>ligura</span> <span class='ocrx_word' id='word_1_218' title='bbox 771 4220 824 4278; x_wconf 91' lang='lat' dir='ltr'>est</span> <span class='ocrx_word' id='word_1_219' title='bbox 856 4207 1012 4276; x_wconf 84' lang='lat' dir='ltr'>maxime</span> <span class='ocrx_word' id='word_1_220' title='bbox 1039 4233 1092 4278; x_wconf 90' lang='lat' dir='ltr'>se-</span> 
     </span>
     <span class='ocr_line' id='line_1_37' title="bbox 85 4311 1091 4406; baseline 0.004 -26"><span class='ocrx_word' id='word_1_221' title='bbox 85 4335 164 4380; x_wconf 86' lang='lat' dir='ltr'>rum</span> <span class='ocrx_word' id='word_1_222' title='bbox 182 4311 263 4406; x_wconf 88' lang='lat' dir='ltr'>ipsa</span> <span class='ocrx_word' id='word_1_223' title='bbox 280 4313 520 4384; x_wconf 85' lang='lat' dir='ltr'>consentiens.</span> <span class='ocrx_word' id='word_1_224' title='bbox 578 4312 625 4382; x_wconf 86' lang='lat' dir='ltr'>Et</span> <span class='ocrx_word' id='word_1_225' title='bbox 643 4311 819 4386; x_wconf 84' lang='lat' dir='ltr'>Zodiacus</span> <span class='ocrx_word' id='word_1_226' title='bbox 842 4325 914 4380; x_wconf 93' lang='lat' dir='ltr'>tres</span> <span class='ocrx_word' id='word_1_227' title='bbox 940 4311 1091 4384; x_wconf 91' lang='lat' dir='ltr'>circulus</span> 
     </span>
     <span class='ocr_line' id='line_1_38' title="bbox 92 4411 1092 4511; baseline 0.003 -28"><span class='ocrx_word' id='word_1_228' title='bbox 92 4417 266 4501; x_wconf 79' lang='lat' dir='ltr'>continet,</span> <span class='ocrx_word' id='word_1_229' title='bbox 293 4416 597 4511; x_wconf 88' lang='lat' dir='ltr'>aequinoctialem</span> <span class='ocrx_word' id='word_1_230' title='bbox 615 4428 650 4485; x_wconf 92' lang='lat' dir='ltr'>et</span> <span class='ocrx_word' id='word_1_231' title='bbox 666 4419 756 4486; x_wconf 93' lang='lat' dir='ltr'>duos</span> <span class='ocrx_word' id='word_1_232' title='bbox 774 4413 945 4507; x_wconf 89' lang='lat' dir='ltr'>tropicos.</span> <span class='ocrx_word' id='word_1_233' title='bbox 978 4411 1092 4508; x_wconf 87' lang='lat' dir='ltr'>lpsius</span> 
     </span>
     <span class='ocr_line' id='line_1_39' title="bbox 93 4519 1091 4614; baseline 0 -26"><span class='ocrx_word' id='word_1_234' title='bbox 93 4541 167 4588; x_wconf 75' lang='lat' dir='ltr'>vero</span> <span class='ocrx_word' id='word_1_235' title='bbox 182 4521 382 4592; x_wconf 84' lang='lat' dir='ltr'>duodecim</span> <span class='ocrx_word' id='word_1_236' title='bbox 398 4521 476 4590; x_wconf 91' lang='lat' dir='ltr'>loca</span> <span class='ocrx_word' id='word_1_237' title='bbox 499 4519 712 4590; x_wconf 90' lang='lat' dir='ltr'>dividuntur</span> <span class='ocrx_word' id='word_1_238' title='bbox 737 4519 776 4586; x_wconf 93' lang='lat' dir='ltr'>in</span> <span class='ocrx_word' id='word_1_239' title='bbox 800 4531 957 4614; x_wconf 87' lang='lat' dir='ltr'>quatuor</span> <span class='ocrx_word' id='word_1_240' title='bbox 979 4519 1091 4590; x_wconf 88' lang='lat' dir='ltr'>triau-</span> 
     </span>
     <span class='ocr_line' id='line_1_40' title="bbox 88 4621 598 4720; baseline 0.004 -27"><span class='ocrx_word' id='word_1_241' title='bbox 88 4621 182 4710; x_wconf 73' lang='lat' dir='ltr'>gulos</span> <span class='ocrx_word' id='word_1_242' title='bbox 198 4625 412 4720; x_wconf 89' lang='lat' dir='ltr'>aequalium</span> <span class='ocrx_word' id='word_1_243' title='bbox 430 4624 598 4695; x_wconf 89' lang='lat' dir='ltr'>laterum.</span> 
     </span>
    </p>
   </div>
   <div class='ocr_carea' id='block_1_10' title="bbox 81 4755 1092 5057">
    <p class='ocr_par' dir='ltr' id='par_1_10' title="bbox 81 4755 1092 5057">
     <span class='ocr_line' id='line_1_41' title="bbox 180 4755 1092 4850; baseline -0.002 -22"><span class='ocrx_word' id='word_1_244' title='bbox 180 4759 332 4830; x_wconf 85' lang='lat' dir='ltr'>Horum</span> <span class='ocrx_word' id='word_1_245' title='bbox 365 4759 476 4850; x_wconf 89' lang='lat' dir='ltr'>igitur</span> <span class='ocrx_word' id='word_1_246' title='bbox 501 4759 640 4850; x_wconf 92' lang='lat' dir='ltr'>primus</span> <span class='ocrx_word' id='word_1_247' title='bbox 663 4755 806 4828; x_wconf 90' lang='lat' dir='ltr'>ducitur</span> <span class='ocrx_word' id='word_1_248' title='bbox 831 4781 896 4849; x_wconf 91' lang='lat' dir='ltr'>per</span> <span class='ocrx_word' id='word_1_249' title='bbox 918 4755 1092 4842; x_wconf 84' lang='lat' dir='ltr'>Arietem,</span> 
     </span>
     <span class='ocr_line' id='line_1_42' title="bbox 81 4855 1092 4954; baseline -0.003 -23"><span class='ocrx_word' id='word_1_250' title='bbox 81 4855 245 4934; x_wconf 81' lang='lat' dir='ltr'>Leonem</span> <span class='ocrx_word' id='word_1_251' title='bbox 276 4875 314 4934; x_wconf 92' lang='lat' dir='ltr'>et</span> <span class='ocrx_word' id='word_1_252' title='bbox 343 4863 598 4954; x_wconf 87' lang='lat' dir='ltr'>Sagittarium,</span> <span class='ocrx_word' id='word_1_253' title='bbox 650 4861 717 4930; x_wconf 91' lang='lat' dir='ltr'>tria</span> <span class='ocrx_word' id='word_1_254' title='bbox 749 4859 849 4950; x_wconf 88' lang='lat' dir='ltr'>signa</span> <span class='ocrx_word' id='word_1_255' title='bbox 881 4861 1092 4946; x_wconf 90' lang='lat' dir='ltr'>masculina,</span> 
     </span>
     <span class='ocr_line' id='line_1_43' title="bbox 83 4959 1092 5057; baseline -0.004 -19"><span class='ocrx_word' id='word_1_256' title='bbox 83 4989 170 5057; x_wconf 81' lang='lat' dir='ltr'>quae</span> <span class='ocrx_word' id='word_1_257' title='bbox 196 4979 289 5040; x_wconf 89' lang='lat' dir='ltr'>sunt</span> <span class='ocrx_word' id='word_1_258' title='bbox 311 4967 493 5036; x_wconf 87' lang='lat' dir='ltr'>domicilia</span> <span class='ocrx_word' id='word_1_259' title='bbox 517 4965 629 5050; x_wconf 88' lang='lat' dir='ltr'>Solis,</span> <span class='ocrx_word' id='word_1_260' title='bbox 664 4963 792 5034; x_wconf 89' lang='lat' dir='ltr'>Martis</span> <span class='ocrx_word' id='word_1_261' title='bbox 814 4976 850 5034; x_wconf 88' lang='lat' dir='ltr'>ct</span> <span class='ocrx_word' id='word_1_262' title='bbox 870 4959 977 5034; x_wconf 93' lang='lat' dir='ltr'>lovis.</span> <span class='ocrx_word' id='word_1_263' title='bbox 1028 4963 1092 5034; x_wconf 90' lang='lat' dir='ltr'>At·</span> 
     </span>
    </p>
   </div>
   <div class='ocr_carea' id='block_1_11' title="bbox 80 5125 299 5144">
    <p class='ocr_par' dir='ltr' id='par_1_11' title="bbox 80 5125 299 5144">
     <span class='ocr_line' id='line_1_44' title="bbox 80 5125 299 5144; baseline 0 -2"><span class='ocrx_word' id='word_1_264' title='bbox 80 5125 299 5144; x_wconf 51' lang='lat' dir='ltr'>*affl——</span> 
     </span>
    </p>
   </div>
   <div class='ocr_carea' id='block_1_12' title="bbox 19 5195 1092 5547">
    <p class='ocr_par' dir='ltr' id='par_1_12' title="bbox 109 5195 1092 5268">
     <span class='ocr_line' id='line_1_45' title="bbox 109 5195 1092 5268; baseline -0.01 -10"><span class='ocrx_word' id='word_1_265' title='bbox 109 5205 144 5268; x_wconf 79' lang='grc'>8)</span> <span class='ocrx_word' id='word_1_266' title='bbox 166 5207 251 5256; x_wconf 78' lang='lat' dir='ltr'>texts</span> <span class='ocrx_word' id='word_1_267' title='bbox 269 5202 391 5268; x_wconf 80' lang='lat' dir='ltr'>positura</span> <span class='ocrx_word' id='word_1_268' title='bbox 409 5199 517 5252; x_wconf 78' lang='lat' dir='ltr'>oratum</span> <span class='ocrx_word' id='word_1_269' title='bbox 534 5201 563 5250; x_wconf 86' lang='lat' dir='ltr'>st</span> <span class='ocrx_word' id='word_1_270' title='bbox 583 5211 677 5252; x_wconf 84' lang='lat' dir='ltr'>eorum</span> <span class='ocrx_word' id='word_1_271' title='bbox 690 5199 824 5258; x_wconf 81' lang='lat' dir='ltr'>astures]</span> <span class='ocrx_word' id='word_1_272' title='bbox 841 5195 993 5248; x_wconf 75' lang='lat' dir='ltr'>Ptolemaet</span> <span class='ocrx_word' id='word_1_273' title='bbox 1005 5197 1092 5248; x_wconf 80' lang='lat' dir='ltr'>verbs</span> 
     </span>
    </p>

    <p class='ocr_par' dir='ltr' id='par_1_13' title="bbox 19 5257 1091 5547">
     <span class='ocr_line' id='line_1_46' title="bbox 145 5257 1091 5327; baseline -0.014 -1"><span class='ocrx_word' id='word_1_274' title='bbox 145 5279 195 5326; x_wconf 79' lang='lat' dir='ltr'>sic</span> <span class='ocrx_word' id='word_1_275' title='bbox 213 5275 359 5326; x_wconf 73' lang='lat' dir='ltr'>transuta</span> <span class='ocrx_word' id='word_1_276' title='bbox 377 5275 444 5322; x_wconf 74' lang='lat' dir='ltr'>baec</span> <span class='ocrx_word' id='word_1_277' title='bbox 462 5273 542 5322; x_wconf 83' lang='lat' dir='ltr'>suut:</span> <span class='ocrx_word' id='word_1_278' title='bbox 563 5263 726 5327; x_wconf 68' lang='grc' dir='ltr'><strong><em>ἀκολούθως</em></strong></span> <span class='ocrx_word' id='word_1_279' title='bbox 742 5268 803 5323; x_wconf 80' lang='grc' dir='ltr'>ταῖς</span> <span class='ocrx_word' id='word_1_280' title='bbox 819 5267 875 5316; x_wconf 77' lang='grc' dir='ltr'>τῶν</span> <span class='ocrx_word' id='word_1_281' title='bbox 888 5259 1022 5327; x_wconf 72' lang='grc' dir='ltr'>κινήσεων</span> <span class='ocrx_word' id='word_1_282' title='bbox 1040 5257 1091 5314; x_wconf 80' lang='lat' dir='ltr'>erl·</span> 
     </span>
     <span class='ocr_line' id='line_1_47' title="bbox 19 5333 1091 5410; baseline -0.013 -14"><span class='ocrx_word' id='word_1_283' title='bbox 19 5353 21 5370; x_wconf 86' lang='lat'><strong>¹</strong></span> <span class='ocrx_word' id='word_1_284' title='bbox 146 5343 215 5394; x_wconf 70' lang='grc' dir='ltr'>τῶν</span> <span class='ocrx_word' id='word_1_285' title='bbox 233 5345 388 5410; x_wconf 67' lang='grc' dir='ltr'><strong><em>σφαίραις,</em></strong></span> <span class='ocrx_word' id='word_1_286' title='bbox 412 5337 460 5390; x_wconf 79' lang='lat' dir='ltr'>xul</span> <span class='ocrx_word' id='word_1_287' title='bbox 475 5339 536 5398; x_wconf 80' lang='grc' dir='ltr'><strong><em>ταῖς</em></strong></span> <span class='ocrx_word' id='word_1_288' title='bbox 553 5337 611 5391; x_wconf 77' lang='lat' dir='ltr'>coir</span> <span class='ocrx_word' id='word_1_289' title='bbox 630 5333 744 5406; x_wconf 74' lang='lat' dir='ltr'>pelorus</span> <span class='ocrx_word' id='word_1_290' title='bbox 759 5333 949 5402; x_wconf 72' lang='lat' dir='ltr'>ldrorponfcuc.</span> <span class='ocrx_word' id='word_1_291' title='bbox 991 5333 1091 5385; x_wconf 80' lang='lat' dir='ltr'>Carre-</span> 
     </span>
     <span class='ocr_line' id='line_1_48' title="bbox 146 5404 1090 5472; baseline -0.013 -8"><span class='ocrx_word' id='word_1_292' title='bbox 146 5415 250 5465; x_wconf 80' lang='lat' dir='ltr'>nrtrs</span> <span class='ocrx_word' id='word_1_293' title='bbox 276 5415 344 5462; x_wconf 84' lang='lat' dir='ltr'>tace</span> <span class='ocrx_word' id='word_1_294' title='bbox 368 5411 410 5460; x_wconf 86' lang='lat' dir='ltr'>sic</span> <span class='ocrx_word' id='word_1_295' title='bbox 433 5411 533 5460; x_wconf 82' lang='lat' dir='ltr'>rerttt:</span> <span class='ocrx_word' id='word_1_296' title='bbox 569 5419 619 5472; x_wconf 82' lang='lat' dir='ltr'>pro</span> <span class='ocrx_word' id='word_1_297' title='bbox 650 5407 844 5460; x_wconf 72' lang='lat' dir='ltr'>concantantis</span> <span class='ocrx_word' id='word_1_298' title='bbox 867 5404 974 5458; x_wconf 76' lang='lat' dir='ltr'>oratura</span> <span class='ocrx_word' id='word_1_299' title='bbox 996 5405 1090 5456; x_wconf 72' lang='lat' dir='ltr'>neate</span> 
     </span>
     <span class='ocr_line' id='line_1_49' title="bbox 147 5479 663 5547; baseline -0.004 -13"><span class='ocrx_word' id='word_1_300' title='bbox 147 5487 287 5547; x_wconf 68' lang='lat' dir='ltr'>ipserum·</span> <span class='ocrx_word' id='word_1_301' title='bbox 300 5487 329 5532; x_wconf 88' lang='lat' dir='ltr'>et</span> <span class='ocrx_word' id='word_1_302' title='bbox 345 5483 467 5533; x_wconf 78' lang='lat' dir='ltr'>osterse</span> <span class='ocrx_word' id='word_1_303' title='bbox 484 5479 663 5542; x_wconf 76' lang='lat' dir='ltr'>proprietate.</span> 
     </span>
    </p>
   </div>
   <div class='ocr_carea' id='block_1_13' title="bbox 271 184 1964 314">
    <p class='ocr_par' dir='ltr' id='par_1_14' title="bbox 271 184 1964 314">
     <span class='ocr_line' id='line_1_50' title="bbox 271 184 1964 314; baseline 0.002 -34"><span class='ocrx_word' id='word_1_304' title='bbox 271 203 415 280; x_wconf 81' lang='lat' dir='ltr'>xuvu.</span> <span class='ocrx_word' id='word_1_305' title='bbox 461 201 862 279; x_wconf 77' lang='lat' dir='ltr'>mraarnararro</span> <span class='ocrx_word' id='word_1_306' title='bbox 887 205 1062 280; x_wconf 77' lang='lat' dir='ltr'>osana</span> <span class='ocrx_word' id='word_1_307' title='bbox 1087 184 1479 302; x_wconf 70' lang='lat' dir='ltr'>quarumnam</span> <span class='ocrx_word' id='word_1_308' title='bbox 1504 203 1791 279; x_wconf 81' lang='lat' dir='ltr'>rrorsnaar</span> <span class='ocrx_word' id='word_1_309' title='bbox 1818 207 1964 314; x_wconf 62' lang='lat' dir='ltr'>crat</span> 
     </span>
    </p>
   </div>
   <div class='ocr_carea' id='block_1_14' title="bbox 2095 209 2149 286">
    <p class='ocr_par' dir='ltr' id='par_1_15' title="bbox 2095 209 2149 286">
     <span class='ocr_line' id='line_1_51' title="bbox 2095 209 2149 286; baseline 0.037 -2"><span class='ocrx_word' id='word_1_310' title='bbox 2095 209 2149 286; x_wconf 75' lang='grc'>80</span> 
     </span>
    </p>
   </div>
   <div class='ocr_carea' id='block_1_15' title="bbox 1145 376 2150 786">
    <p class='ocr_par' dir='ltr' id='par_1_16' title="bbox 1145 376 2150 786">
     <span class='ocr_line' id='line_1_52' title="bbox 1145 376 2149 476; baseline 0.004 -25"><span class='ocrx_word' id='word_1_311' title='bbox 1145 381 1318 452; x_wconf 92' lang='lat' dir='ltr'>tribuitur</span> <span class='ocrx_word' id='word_1_312' title='bbox 1335 393 1454 452; x_wconf 91' lang='lat' dir='ltr'>autem</span> <span class='ocrx_word' id='word_1_313' title='bbox 1470 376 1529 451; x_wconf 93' lang='lat' dir='ltr'>hic</span> <span class='ocrx_word' id='word_1_314' title='bbox 1547 381 1747 476; x_wconf 85' lang='lat' dir='ltr'>triangulus</span> <span class='ocrx_word' id='word_1_315' title='bbox 1763 381 1839 452; x_wconf 89' lang='lat' dir='ltr'>Soli</span> <span class='ocrx_word' id='word_1_316' title='bbox 1854 396 1890 452; x_wconf 92' lang='lat' dir='ltr'>et</span> <span class='ocrx_word' id='word_1_317' title='bbox 1907 381 1997 453; x_wconf 93' lang='lat' dir='ltr'>lovi.</span> <span class='ocrx_word' id='word_1_318' title='bbox 2048 383 2149 456; x_wconf 88' lang='lat' dir='ltr'>Mars</span> 
     </span>
     <span class='ocr_line' id='line_1_53' title="bbox 1145 485 2150 581; baseline 0.002 -27"><span class='ocrx_word' id='word_1_319' title='bbox 1145 509 1233 556; x_wconf 91' lang='lat' dir='ltr'>vero</span> <span class='ocrx_word' id='word_1_320' title='bbox 1264 485 1424 558; x_wconf 80' lang='lat' dir='ltr'>exclusus</span> <span class='ocrx_word' id='word_1_321' title='bbox 1459 497 1532 568; x_wconf 89' lang='lat' dir='ltr'>cst,</span> <span class='ocrx_word' id='word_1_322' title='bbox 1572 485 1657 581; x_wconf 89' lang='lat' dir='ltr'>quia</span> <span class='ocrx_word' id='word_1_323' title='bbox 1680 489 1891 558; x_wconf 87' lang='lat' dir='ltr'>adversatur</span> <span class='ocrx_word' id='word_1_324' title='bbox 1912 486 2005 558; x_wconf 90' lang='lat' dir='ltr'>Sulis</span> <span class='ocrx_word' id='word_1_325' title='bbox 2026 489 2150 556; x_wconf 91' lang='lat' dir='ltr'>condi-</span> 
     </span>
     <span class='ocr_line' id='line_1_54' title="bbox 1145 586 2148 682; baseline 0.002 -24"><span class='ocrx_word' id='word_1_326' title='bbox 1145 588 1250 658; x_wconf 90' lang='lat' dir='ltr'>tioni.</span> <span class='ocrx_word' id='word_1_327' title='bbox 1302 589 1522 660; x_wconf 88' lang='lat' dir='ltr'>Dominatur</span> <span class='ocrx_word' id='word_1_328' title='bbox 1536 601 1656 660; x_wconf 91' lang='lat' dir='ltr'>autem</span> <span class='ocrx_word' id='word_1_329' title='bbox 1681 587 1720 658; x_wconf 92' lang='lat' dir='ltr'>in</span> <span class='ocrx_word' id='word_1_330' title='bbox 1742 586 1811 660; x_wconf 92' lang='lat' dir='ltr'>hoc</span> <span class='ocrx_word' id='word_1_331' title='bbox 1833 591 2014 682; x_wconf 82' lang='lat' dir='ltr'>triangulo</span> <span class='ocrx_word' id='word_1_332' title='bbox 2036 589 2148 662; x_wconf 91' lang='lat' dir='ltr'>inter·</span> 
     </span>
     <span class='ocr_line' id='line_1_55' title="bbox 1146 689 1612 786; baseline 0 -24"><span class='ocrx_word' id='word_1_333' title='bbox 1146 693 1210 762; x_wconf 88' lang='lat' dir='ltr'>diu</span> <span class='ocrx_word' id='word_1_334' title='bbox 1229 692 1311 778; x_wconf 92' lang='lat' dir='ltr'>Sol,</span> <span class='ocrx_word' id='word_1_335' title='bbox 1337 705 1447 764; x_wconf 90' lang='lat' dir='ltr'>noctu</span> <span class='ocrx_word' id='word_1_336' title='bbox 1465 689 1612 786; x_wconf 89' lang='lat' dir='ltr'>lupiter.</span> 
     </span>
    </p>
   </div>
   <div class='ocr_carea' id='block_1_16' title="bbox 1144 810 2148 1838">
    <p class='ocr_par' dir='ltr' id='par_1_17' title="bbox 1144 810 2148 1838">
     <span class='ocr_line' id='line_1_56' title="bbox 1247 810 2148 908; baseline 0.004 -28"><span class='ocrx_word' id='word_1_337' title='bbox 1247 810 1366 886; x_wconf 89' lang='lat' dir='ltr'>Locus</span> <span class='ocrx_word' id='word_1_338' title='bbox 1373 813 1507 886; x_wconf 87' lang='lat' dir='ltr'>Arietis</span> <span class='ocrx_word' id='word_1_339' title='bbox 1523 825 1576 884; x_wconf 91' lang='lat' dir='ltr'>est</span> <span class='ocrx_word' id='word_1_340' title='bbox 1591 811 1874 908; x_wconf 88' lang='lat' dir='ltr'>aequinoctialis,</span> <span class='ocrx_word' id='word_1_341' title='bbox 1895 811 2028 884; x_wconf 87' lang='lat' dir='ltr'>Leonis</span> <span class='ocrx_word' id='word_1_342' title='bbox 2044 813 2148 886; x_wconf 84' lang='lat' dir='ltr'>aesti-</span> 
     </span>
     <span class='ocr_line' id='line_1_57' title="bbox 1146 911 2147 1010; baseline 0.007 -28"><span class='ocrx_word' id='word_1_343' title='bbox 1146 940 1232 998; x_wconf 87' lang='lat' dir='ltr'>vus,</span> <span class='ocrx_word' id='word_1_344' title='bbox 1267 916 1454 1008; x_wconf 87' lang='lat' dir='ltr'>Sagittarii</span> <span class='ocrx_word' id='word_1_345' title='bbox 1485 911 1670 988; x_wconf 91' lang='lat' dir='ltr'>hibernus.</span> <span class='ocrx_word' id='word_1_346' title='bbox 1733 913 1831 984; x_wconf 89' lang='lat' dir='ltr'>Idem</span> <span class='ocrx_word' id='word_1_347' title='bbox 1856 917 2057 1006; x_wconf 90' lang='lat' dir='ltr'>triangulus</span> <span class='ocrx_word' id='word_1_348' title='bbox 2082 942 2147 1010; x_wconf 92' lang='lat' dir='ltr'>po·</span> 
     </span>
     <span class='ocr_line' id='line_1_58' title="bbox 1145 1015 2147 1114; baseline 0.005 -28"><span class='ocrx_word' id='word_1_349' title='bbox 1145 1019 1320 1090; x_wconf 87' lang='lat' dir='ltr'>tissimum</span> <span class='ocrx_word' id='word_1_350' title='bbox 1337 1019 1627 1112; x_wconf 89' lang='lat' dir='ltr'>septentrionalis</span> <span class='ocrx_word' id='word_1_351' title='bbox 1643 1031 1713 1101; x_wconf 89' lang='lat' dir='ltr'>est,</span> <span class='ocrx_word' id='word_1_352' title='bbox 1747 1017 1830 1114; x_wconf 92' lang='lat' dir='ltr'>quia</span> <span class='ocrx_word' id='word_1_353' title='bbox 1847 1015 1982 1112; x_wconf 86' lang='lat' dir='ltr'>Iupiter</span> <span class='ocrx_word' id='word_1_354' title='bbox 1998 1021 2048 1088; x_wconf 93' lang='lat' dir='ltr'>ibi</span> <span class='ocrx_word' id='word_1_355' title='bbox 2064 1045 2147 1113; x_wconf 88' lang='lat' dir='ltr'>par-</span> 
     </span>
     <span class='ocr_line' id='line_1_59' title="bbox 1145 1123 2148 1218; baseline 0.004 -28"><span class='ocrx_word' id='word_1_356' title='bbox 1145 1134 1217 1190; x_wconf 90' lang='lat' dir='ltr'>tem</span> <span class='ocrx_word' id='word_1_357' title='bbox 1235 1123 1388 1194; x_wconf 90' lang='lat' dir='ltr'>dominii</span> <span class='ocrx_word' id='word_1_358' title='bbox 1401 1137 1518 1208; x_wconf 91' lang='lat' dir='ltr'>tenet,</span> <span class='ocrx_word' id='word_1_359' title='bbox 1549 1123 1613 1218; x_wconf 89' lang='lat' dir='ltr'>qui</span> <span class='ocrx_word' id='word_1_360' title='bbox 1635 1123 1831 1194; x_wconf 88' lang='lat' dir='ltr'>foecundus</span> <span class='ocrx_word' id='word_1_361' title='bbox 1855 1136 1926 1208; x_wconf 91' lang='lat' dir='ltr'>est,</span> <span class='ocrx_word' id='word_1_362' title='bbox 1960 1136 1996 1194; x_wconf 91' lang='lat' dir='ltr'>et</span> <span class='ocrx_word' id='word_1_363' title='bbox 2018 1124 2148 1196; x_wconf 90' lang='lat' dir='ltr'>flatuo·</span> 
     </span>
     <span class='ocr_line' id='line_1_60' title="bbox 1145 1225 2147 1320; baseline 0.004 -26"><span class='ocrx_word' id='word_1_364' title='bbox 1145 1250 1224 1310; x_wconf 91' lang='lat' dir='ltr'>sus,</span> <span class='ocrx_word' id='word_1_365' title='bbox 1265 1228 1483 1298; x_wconf 88' lang='lat' dir='ltr'>conveniens</span> <span class='ocrx_word' id='word_1_366' title='bbox 1503 1226 1638 1310; x_wconf 89' lang='lat' dir='ltr'>ventis,</span> <span class='ocrx_word' id='word_1_367' title='bbox 1681 1226 1744 1320; x_wconf 93' lang='lat' dir='ltr'>qni</span> <span class='ocrx_word' id='word_1_368' title='bbox 1766 1225 1906 1295; x_wconf 89' lang='lat' dir='ltr'>cientur</span> <span class='ocrx_word' id='word_1_369' title='bbox 1937 1226 1976 1296; x_wconf 92' lang='lat' dir='ltr'>in</span> <span class='ocrx_word' id='word_1_370' title='bbox 2006 1241 2147 1319; x_wconf 88' lang='lat' dir='ltr'>septen-</span> 
     </span>
     <span class='ocr_line' id='line_1_61' title="bbox 1145 1328 2147 1423; baseline 0.006 -28"><span class='ocrx_word' id='word_1_371' title='bbox 1145 1328 1275 1400; x_wconf 85' lang='lat' dir='ltr'>trione.</span> <span class='ocrx_word' id='word_1_372' title='bbox 1327 1330 1376 1400; x_wconf 92' lang='lat' dir='ltr'>At</span> <span class='ocrx_word' id='word_1_373' title='bbox 1392 1343 1540 1423; x_wconf 82' lang='lat' dir='ltr'>propter</span> <span class='ocrx_word' id='word_1_374' title='bbox 1556 1329 1685 1420; x_wconf 77' lang='lat' dir='ltr'>Martis</span> <span class='ocrx_word' id='word_1_375' title='bbox 1701 1331 1849 1400; x_wconf 83' lang='lat' dir='ltr'>domurn</span> <span class='ocrx_word' id='word_1_376' title='bbox 1867 1329 1996 1422; x_wconf 89' lang='lat' dir='ltr'>recipit</span> <span class='ocrx_word' id='word_1_377' title='bbox 2016 1331 2147 1402; x_wconf 84' lang='lat' dir='ltr'>mixtu·</span> 
     </span>
     <span class='ocr_line' id='line_1_62' title="bbox 1144 1431 2147 1528; baseline 0.007 -30"><span class='ocrx_word' id='word_1_378' title='bbox 1144 1454 1224 1500; x_wconf 92' lang='lat' dir='ltr'>ram</span> <span class='ocrx_word' id='word_1_379' title='bbox 1247 1433 1374 1503; x_wconf 91' lang='lat' dir='ltr'>Africi.</span> <span class='ocrx_word' id='word_1_380' title='bbox 1436 1433 1485 1502; x_wconf 84' lang='lat' dir='ltr'>Et</span> <span class='ocrx_word' id='word_1_381' title='bbox 1516 1433 1746 1503; x_wconf 87' lang='lat' dir='ltr'>constituitur</span> <span class='ocrx_word' id='word_1_382' title='bbox 1779 1431 1998 1526; x_wconf 88' lang='lat' dir='ltr'>triangulus,</span> <span class='ocrx_word' id='word_1_383' title='bbox 2038 1459 2147 1528; x_wconf 87' lang='lat' dir='ltr'>quem</span> 
     </span>
     <span class='ocr_line' id='line_1_63' title="bbox 1144 1533 2147 1608; baseline 0.007 -8"><span class='ocrx_word' id='word_1_384' title='bbox 1144 1549 1275 1604; x_wconf 86' lang='lat' dir='ltr'>vocant</span> <span class='ocrx_word' id='word_1_385' title='bbox 1301 1535 1451 1606; x_wconf 84' lang='lat' dir='ltr'>mixtum</span> <span class='ocrx_word' id='word_1_386' title='bbox 1476 1561 1518 1606; x_wconf 84' lang='lat' dir='ltr'>ex</span> <span class='ocrx_word' id='word_1_387' title='bbox 1540 1535 1657 1606; x_wconf 89' lang='lat' dir='ltr'>Borea</span> <span class='ocrx_word' id='word_1_388' title='bbox 1684 1548 1719 1604; x_wconf 89' lang='lat' dir='ltr'>et</span> <span class='ocrx_word' id='word_1_389' title='bbox 1740 1533 1875 1608; x_wconf 89' lang='lat' dir='ltr'>Africo.</span> <span class='ocrx_word' id='word_1_390' title='bbox 1932 1537 2027 1608; x_wconf 87' lang='lat' dir='ltr'>Nam</span> <span class='ocrx_word' id='word_1_391' title='bbox 2046 1537 2147 1608; x_wconf 87' lang='lat' dir='ltr'>Mars</span> 
     </span>
     <span class='ocr_line' id='line_1_64' title="bbox 1145 1637 2147 1732; baseline 0.002 -26"><span class='ocrx_word' id='word_1_392' title='bbox 1145 1637 1273 1707; x_wconf 80' lang='lat' dir='ltr'>excitat</span> <span class='ocrx_word' id='word_1_393' title='bbox 1297 1653 1423 1712; x_wconf 90' lang='lat' dir='ltr'>ventos</span> <span class='ocrx_word' id='word_1_394' title='bbox 1448 1638 1608 1723; x_wconf 89' lang='lat' dir='ltr'>Africus,</span> <span class='ocrx_word' id='word_1_395' title='bbox 1638 1651 1788 1732; x_wconf 90' lang='lat' dir='ltr'>propter</span> <span class='ocrx_word' id='word_1_396' title='bbox 1812 1637 1937 1709; x_wconf 84' lang='lat' dir='ltr'>ernae</span> <span class='ocrx_word' id='word_1_397' title='bbox 1960 1640 2147 1710; x_wconf 88' lang='lat' dir='ltr'>familiari-</span> 
     </span>
     <span class='ocr_line' id='line_1_65' title="bbox 1145 1743 2032 1838; baseline 0.007 -30"><span class='ocrx_word' id='word_1_398' title='bbox 1145 1751 1275 1824; x_wconf 90' lang='lat' dir='ltr'>tatem,</span> <span class='ocrx_word' id='word_1_399' title='bbox 1299 1757 1335 1812; x_wconf 92' lang='lat' dir='ltr'>et</span> <span class='ocrx_word' id='word_1_400' title='bbox 1350 1744 1434 1838; x_wconf 92' lang='lat' dir='ltr'>quia</span> <span class='ocrx_word' id='word_1_401' title='bbox 1448 1743 1679 1814; x_wconf 90' lang='lat' dir='ltr'>occidentalis</span> <span class='ocrx_word' id='word_1_402' title='bbox 1696 1767 1779 1833; x_wconf 90' lang='lat' dir='ltr'>pars</span> <span class='ocrx_word' id='word_1_403' title='bbox 1795 1743 1950 1814; x_wconf 89' lang='lat' dir='ltr'>feminea</span> <span class='ocrx_word' id='word_1_404' title='bbox 1968 1755 2032 1814; x_wconf 91' lang='lat' dir='ltr'>est.</span> 
     </span>
    </p>
   </div>
   <div class='ocr_carea' id='block_1_17' title="bbox 1144 1861 2148 3197">
    <p class='ocr_par' dir='ltr' id='par_1_18' title="bbox 1144 1861 2148 3197">
     <span class='ocr_line' id='line_1_66' title="bbox 1183 1861 2146 1956; baseline 0.003 -26"><span class='ocrx_word' id='word_1_405' title='bbox 1183 1925 1188 1938; x_wconf 89' lang='grc'>,</span> <span class='ocrx_word' id='word_1_406' title='bbox 1247 1861 1432 1934; x_wconf 87' lang='lat' dir='ltr'>Secundus</span> <span class='ocrx_word' id='word_1_407' title='bbox 1467 1863 1669 1956; x_wconf 89' lang='lat' dir='ltr'>triangulus</span> <span class='ocrx_word' id='word_1_408' title='bbox 1702 1861 1845 1932; x_wconf 88' lang='lat' dir='ltr'>ducitur</span> <span class='ocrx_word' id='word_1_409' title='bbox 1874 1885 1939 1954; x_wconf 92' lang='lat' dir='ltr'>per</span> <span class='ocrx_word' id='word_1_410' title='bbox 1968 1862 2146 1946; x_wconf 85' lang='lat' dir='ltr'>Taurum,</span> 
     </span>
     <span class='ocr_line' id='line_1_67' title="bbox 1144 1963 2147 2058; baseline 0.002 -24"><span class='ocrx_word' id='word_1_411' title='bbox 1144 1963 1330 2055; x_wconf 88' lang='lat' dir='ltr'>Virginem</span> <span class='ocrx_word' id='word_1_412' title='bbox 1362 1980 1397 2036; x_wconf 91' lang='lat' dir='ltr'>et</span> <span class='ocrx_word' id='word_1_413' title='bbox 1420 1966 1704 2058; x_wconf 89' lang='lat' dir='ltr'>Capricornum,</span> <span class='ocrx_word' id='word_1_414' title='bbox 1742 1965 1809 2034; x_wconf 90' lang='lat' dir='ltr'>tria</span> <span class='ocrx_word' id='word_1_415' title='bbox 1844 1965 1943 2056; x_wconf 88' lang='lat' dir='ltr'>signa</span> <span class='ocrx_word' id='word_1_416' title='bbox 1973 1965 2147 2047; x_wconf 88' lang='lat' dir='ltr'>feminea;</span> 
     </span>
     <span class='ocr_line' id='line_1_68' title="bbox 1146 2065 2147 2164; baseline 0.002 -26"><span class='ocrx_word' id='word_1_417' title='bbox 1146 2093 1258 2164; x_wconf 90' lang='lat' dir='ltr'>quare</span> <span class='ocrx_word' id='word_1_418' title='bbox 1267 2065 1393 2139; x_wconf 88' lang='lat' dir='ltr'>Lunae</span> <span class='ocrx_word' id='word_1_419' title='bbox 1411 2083 1446 2139; x_wconf 91' lang='lat' dir='ltr'>et</span> <span class='ocrx_word' id='word_1_420' title='bbox 1454 2069 1587 2139; x_wconf 91' lang='lat' dir='ltr'>Veneri</span> <span class='ocrx_word' id='word_1_421' title='bbox 1606 2069 1832 2150; x_wconf 90' lang='lat' dir='ltr'>attribuitur;</span> <span class='ocrx_word' id='word_1_422' title='bbox 1858 2069 2069 2140; x_wconf 88' lang='lat' dir='ltr'>dominatur</span> <span class='ocrx_word' id='word_1_423' title='bbox 2084 2094 2147 2140; x_wconf 89' lang='lat' dir='ltr'>au-</span> 
     </span>
     <span class='ocr_line' id='line_1_69' title="bbox 1145 2171 2147 2257; baseline 0.001 -15"><span class='ocrx_word' id='word_1_424' title='bbox 1145 2186 1216 2242; x_wconf 89' lang='lat' dir='ltr'>tem</span> <span class='ocrx_word' id='word_1_425' title='bbox 1233 2173 1267 2241; x_wconf 88' lang='lat' dir='ltr'>ei</span> <span class='ocrx_word' id='word_1_426' title='bbox 1290 2185 1401 2242; x_wconf 89' lang='lat' dir='ltr'>noctu</span> <span class='ocrx_word' id='word_1_427' title='bbox 1414 2171 1539 2257; x_wconf 89' lang='lat' dir='ltr'>Luna,</span> <span class='ocrx_word' id='word_1_428' title='bbox 1572 2174 1731 2244; x_wconf 91' lang='lat' dir='ltr'>interdiu</span> <span class='ocrx_word' id='word_1_429' title='bbox 1746 2173 1881 2244; x_wconf 90' lang='lat' dir='ltr'>Venus.</span> <span class='ocrx_word' id='word_1_430' title='bbox 1933 2173 1986 2242; x_wconf 90' lang='lat' dir='ltr'>Ac</span> <span class='ocrx_word' id='word_1_431' title='bbox 2002 2173 2147 2244; x_wconf 85' lang='lat' dir='ltr'>Tarrrus</span> 
     </span>
     <span class='ocr_line' id='line_1_70' title="bbox 1145 2275 2146 2372; baseline -0.001 -27"><span class='ocrx_word' id='word_1_432' title='bbox 1145 2276 1296 2368; x_wconf 91' lang='lat' dir='ltr'>propior</span> <span class='ocrx_word' id='word_1_433' title='bbox 1320 2289 1373 2346; x_wconf 89' lang='lat' dir='ltr'>est</span> <span class='ocrx_word' id='word_1_434' title='bbox 1396 2277 1531 2347; x_wconf 91' lang='lat' dir='ltr'>aestivo</span> <span class='ocrx_word' id='word_1_435' title='bbox 1551 2277 1707 2358; x_wconf 91' lang='lat' dir='ltr'>circulo,</span> <span class='ocrx_word' id='word_1_436' title='bbox 1741 2275 1853 2367; x_wconf 88' lang='lat' dir='ltr'>Virgo</span> <span class='ocrx_word' id='word_1_437' title='bbox 1879 2277 2146 2372; x_wconf 89' lang='lat' dir='ltr'>aequinoctiali,</span> 
     </span>
     <span class='ocr_line' id='line_1_71' title="bbox 1146 2377 2147 2470; baseline -0.003 -20"><span class='ocrx_word' id='word_1_438' title='bbox 1146 2379 1390 2470; x_wconf 89' lang='lat' dir='ltr'>Capricornus</span> <span class='ocrx_word' id='word_1_439' title='bbox 1411 2377 1577 2450; x_wconf 89' lang='lat' dir='ltr'>hiberno.</span> <span class='ocrx_word' id='word_1_440' title='bbox 1629 2378 1827 2470; x_wconf 90' lang='lat' dir='ltr'>Praecipue</span> <span class='ocrx_word' id='word_1_441' title='bbox 1842 2405 1928 2448; x_wconf 90' lang='lat' dir='ltr'>vero</span> <span class='ocrx_word' id='word_1_442' title='bbox 1952 2377 2010 2450; x_wconf 87' lang='lat' dir='ltr'>lric</span> <span class='ocrx_word' id='word_1_443' title='bbox 2034 2379 2147 2452; x_wconf 88' lang='lat' dir='ltr'>trian-</span> 
     </span>
     <span class='ocr_line' id='line_1_72' title="bbox 1145 2481 2147 2575; baseline 0 -23"><span class='ocrx_word' id='word_1_444' title='bbox 1145 2485 1248 2575; x_wconf 88' lang='lat' dir='ltr'>gulus</span> <span class='ocrx_word' id='word_1_445' title='bbox 1271 2496 1323 2554; x_wconf 88' lang='lat' dir='ltr'>est</span> <span class='ocrx_word' id='word_1_446' title='bbox 1352 2485 1537 2568; x_wconf 89' lang='lat' dir='ltr'>australis,</span> <span class='ocrx_word' id='word_1_447' title='bbox 1576 2495 1726 2575; x_wconf 90' lang='lat' dir='ltr'>propter</span> <span class='ocrx_word' id='word_1_448' title='bbox 1747 2481 1898 2554; x_wconf 85' lang='lat' dir='ltr'>Veneris</span> <span class='ocrx_word' id='word_1_449' title='bbox 1928 2483 2147 2552; x_wconf 87' lang='lat' dir='ltr'>dominatio-</span> 
     </span>
     <span class='ocr_line' id='line_1_73' title="bbox 1144 2581 2147 2681; baseline 0.002 -27"><span class='ocrx_word' id='word_1_450' title='bbox 1144 2611 1250 2673; x_wconf 90' lang='lat' dir='ltr'>nem,</span> <span class='ocrx_word' id='word_1_451' title='bbox 1277 2611 1369 2681; x_wconf 92' lang='lat' dir='ltr'>quae</span> <span class='ocrx_word' id='word_1_452' title='bbox 1388 2588 1464 2657; x_wconf 89' lang='lat' dir='ltr'>eius</span> <span class='ocrx_word' id='word_1_453' title='bbox 1488 2587 1600 2679; x_wconf 89' lang='lat' dir='ltr'>partis</span> <span class='ocrx_word' id='word_1_454' title='bbox 1624 2598 1751 2657; x_wconf 90' lang='lat' dir='ltr'>ventos</span> <span class='ocrx_word' id='word_1_455' title='bbox 1775 2585 1843 2656; x_wconf 88' lang='lat' dir='ltr'>ciet</span> <span class='ocrx_word' id='word_1_456' title='bbox 1865 2587 1999 2658; x_wconf 84' lang='lat' dir='ltr'>calidos</span> <span class='ocrx_word' id='word_1_457' title='bbox 2023 2599 2059 2656; x_wconf 93' lang='lat' dir='ltr'>et</span> <span class='ocrx_word' id='word_1_458' title='bbox 2079 2581 2147 2656; x_wconf 92' lang='lat' dir='ltr'>hu-</span> 
     </span>
     <span class='ocr_line' id='line_1_74' title="bbox 1146 2689 2146 2782; baseline 0 -22"><span class='ocrx_word' id='word_1_459' title='bbox 1146 2691 1274 2762; x_wconf 87' lang='lat' dir='ltr'>midos.</span> <span class='ocrx_word' id='word_1_460' title='bbox 1327 2689 1497 2760; x_wconf 88' lang='lat' dir='ltr'>Admittit</span> <span class='ocrx_word' id='word_1_461' title='bbox 1513 2703 1633 2760; x_wconf 88' lang='lat' dir='ltr'>autem</span> <span class='ocrx_word' id='word_1_462' title='bbox 1659 2689 1969 2774; x_wconf 89' lang='lat' dir='ltr'>etSubsolanum,</span> <span class='ocrx_word' id='word_1_463' title='bbox 1995 2703 2146 2782; x_wconf 87' lang='lat' dir='ltr'>propter</span> 
     </span>
     <span class='ocr_line' id='line_1_75' title="bbox 1145 2791 2147 2888; baseline -0.001 -23"><span class='ocrx_word' id='word_1_464' title='bbox 1145 2793 1425 2888; x_wconf 87' lang='lat' dir='ltr'>Capricornum,</span> <span class='ocrx_word' id='word_1_465' title='bbox 1452 2793 1514 2888; x_wconf 95' lang='lat' dir='ltr'>qui</span> <span class='ocrx_word' id='word_1_466' title='bbox 1532 2805 1584 2864; x_wconf 89' lang='lat' dir='ltr'>est</span> <span class='ocrx_word' id='word_1_467' title='bbox 1599 2791 1747 2863; x_wconf 88' lang='lat' dir='ltr'>Saturni</span> <span class='ocrx_word' id='word_1_468' title='bbox 1765 2793 2001 2868; x_wconf 89' lang='lat' dir='ltr'>domicilium.</span> <span class='ocrx_word' id='word_1_469' title='bbox 2052 2793 2147 2864; x_wconf 90' lang='lat' dir='ltr'>Con·-</span> 
     </span>
     <span class='ocr_line' id='line_1_76' title="bbox 1144 2893 2146 2992; baseline -0.004 -22"><span class='ocrx_word' id='word_1_470' title='bbox 1144 2898 1304 2970; x_wconf 91' lang='lat' dir='ltr'>stituitur</span> <span class='ocrx_word' id='word_1_471' title='bbox 1319 2909 1439 2970; x_wconf 88' lang='lat' dir='ltr'>autern</span> <span class='ocrx_word' id='word_1_472' title='bbox 1455 2893 1514 2968; x_wconf 92' lang='lat' dir='ltr'>bic</span> <span class='ocrx_word' id='word_1_473' title='bbox 1528 2897 1750 2988; x_wconf 88' lang='lat' dir='ltr'>triangulus,</span> <span class='ocrx_word' id='word_1_474' title='bbox 1781 2921 1888 2992; x_wconf 91' lang='lat' dir='ltr'>quern</span> <span class='ocrx_word' id='word_1_475' title='bbox 1905 2909 2036 2968; x_wconf 88' lang='lat' dir='ltr'>vocant</span> <span class='ocrx_word' id='word_1_476' title='bbox 2055 2897 2146 2966; x_wconf 86' lang='lat' dir='ltr'>mix·</span> 
     </span>
     <span class='ocr_line' id='line_1_77' title="bbox 1145 2999 2148 3080; baseline -0.004 -6"><span class='ocrx_word' id='word_1_477' title='bbox 1145 3016 1221 3074; x_wconf 90' lang='lat' dir='ltr'>tum</span> <span class='ocrx_word' id='word_1_478' title='bbox 1253 3026 1296 3073; x_wconf 81' lang='lat' dir='ltr'>ex</span> <span class='ocrx_word' id='word_1_479' title='bbox 1317 3002 1449 3072; x_wconf 88' lang='lat' dir='ltr'>Austro</span> <span class='ocrx_word' id='word_1_480' title='bbox 1483 3013 1519 3070; x_wconf 91' lang='lat' dir='ltr'>et</span> <span class='ocrx_word' id='word_1_481' title='bbox 1541 2999 1764 3080; x_wconf 87' lang='lat' dir='ltr'>Subsolano;</span> <span class='ocrx_word' id='word_1_482' title='bbox 1808 3000 1877 3070; x_wconf 91' lang='lat' dir='ltr'>ciet</span> <span class='ocrx_word' id='word_1_483' title='bbox 1903 3001 1998 3071; x_wconf 91' lang='lat' dir='ltr'>euim</span> <span class='ocrx_word' id='word_1_484' title='bbox 2024 2999 2148 3072; x_wconf 89' lang='lat' dir='ltr'>Satur-</span> 
     </span>
     <span class='ocr_line' id='line_1_78' title="bbox 1145 3103 2147 3197; baseline -0.002 -21"><span class='ocrx_word' id='word_1_485' title='bbox 1145 3132 1212 3178; x_wconf 91' lang='lat' dir='ltr'>nus</span> <span class='ocrx_word' id='word_1_486' title='bbox 1229 3117 1356 3176; x_wconf 89' lang='lat' dir='ltr'>vcntos</span> <span class='ocrx_word' id='word_1_487' title='bbox 1373 3105 1577 3189; x_wconf 90' lang='lat' dir='ltr'>orientales,</span> <span class='ocrx_word' id='word_1_488' title='bbox 1600 3117 1751 3197; x_wconf 88' lang='lat' dir='ltr'>propter</span> <span class='ocrx_word' id='word_1_489' title='bbox 1764 3103 2045 3176; x_wconf 82' lang='lat' dir='ltr'>familiaritatem</span> <span class='ocrx_word' id='word_1_490' title='bbox 2064 3129 2147 3176; x_wconf 91' lang='lat' dir='ltr'>cum</span> 
     </span>
    </p>
   </div>
   <div class='ocr_carea' id='block_1_18' title="bbox 1144 3210 1238 3282">
    <p class='ocr_par' dir='ltr' id='par_1_19' title="bbox 1144 3210 1238 3282">
     <span class='ocr_line' id='line_1_79' title="bbox 1144 3210 1238 3282; baseline 0 0"><span class='ocrx_word' id='word_1_491' title='bbox 1144 3210 1238 3282; x_wconf 88' lang='lat' dir='ltr'>Sole.</span> 
     </span>
    </p>
   </div>
   <div class='ocr_carea' id='block_1_19' title="bbox 1143 3322 2150 4564">
    <p class='ocr_par' dir='ltr' id='par_1_20' title="bbox 1143 3322 2150 4564">
     <span class='ocr_line' id='line_1_80' title="bbox 1245 3322 2146 3420; baseline -0.002 -24"><span class='ocrx_word' id='word_1_492' title='bbox 1245 3325 1392 3397; x_wconf 88' lang='lat' dir='ltr'>Tertius</span> <span class='ocrx_word' id='word_1_493' title='bbox 1411 3324 1612 3418; x_wconf 92' lang='lat' dir='ltr'>triangulus</span> <span class='ocrx_word' id='word_1_494' title='bbox 1627 3325 1770 3397; x_wconf 92' lang='lat' dir='ltr'>ducitur</span> <span class='ocrx_word' id='word_1_495' title='bbox 1785 3351 1850 3420; x_wconf 86' lang='lat' dir='ltr'>per</span> <span class='ocrx_word' id='word_1_496' title='bbox 1865 3325 2059 3409; x_wconf 85' lang='lat' dir='ltr'>Geminos,</span> <span class='ocrx_word' id='word_1_497' title='bbox 2085 3322 2146 3396; x_wconf 89' lang='lat' dir='ltr'>Li·</span> 
     </span>
     <span class='ocr_line' id='line_1_81' title="bbox 1143 3429 2145 3525; baseline -0.003 -24"><span class='ocrx_word' id='word_1_498' title='bbox 1143 3432 1247 3501; x_wconf 91' lang='lat' dir='ltr'>bram</span> <span class='ocrx_word' id='word_1_499' title='bbox 1263 3443 1298 3500; x_wconf 90' lang='lat' dir='ltr'>et</span> <span class='ocrx_word' id='word_1_500' title='bbox 1311 3429 1536 3525; x_wconf 90' lang='lat' dir='ltr'>Aquarium,</span> <span class='ocrx_word' id='word_1_501' title='bbox 1568 3431 1636 3500; x_wconf 89' lang='lat' dir='ltr'>tria</span> <span class='ocrx_word' id='word_1_502' title='bbox 1653 3431 1810 3502; x_wconf 92' lang='lat' dir='ltr'>mascula</span> <span class='ocrx_word' id='word_1_503' title='bbox 1828 3431 1949 3522; x_wconf 89' lang='lat' dir='ltr'>signa,</span> <span class='ocrx_word' id='word_1_504' title='bbox 1983 3429 2098 3500; x_wconf 90' lang='lat' dir='ltr'>aliena</span> <span class='ocrx_word' id='word_1_505' title='bbox 2125 3453 2145 3498; x_wconf 89' lang='lat' dir='ltr'>a</span> 
     </span>
     <span class='ocr_line' id='line_1_82' title="bbox 1144 3533 2145 3626; baseline -0.002 -20"><span class='ocrx_word' id='word_1_506' title='bbox 1144 3535 1284 3617; x_wconf 88' lang='lat' dir='ltr'>Marte;</span> <span class='ocrx_word' id='word_1_507' title='bbox 1326 3536 1388 3606; x_wconf 90' lang='lat' dir='ltr'>sed</span> <span class='ocrx_word' id='word_1_508' title='bbox 1412 3535 1647 3626; x_wconf 87' lang='lat' dir='ltr'>congruentia</span> <span class='ocrx_word' id='word_1_509' title='bbox 1673 3559 1752 3606; x_wconf 93' lang='lat' dir='ltr'>cum</span> <span class='ocrx_word' id='word_1_510' title='bbox 1771 3535 1929 3606; x_wconf 91' lang='lat' dir='ltr'>Saturno</span> <span class='ocrx_word' id='word_1_511' title='bbox 1951 3545 1987 3604; x_wconf 90' lang='lat' dir='ltr'>et</span> <span class='ocrx_word' id='word_1_512' title='bbox 2003 3533 2145 3604; x_wconf 89' lang='lat' dir='ltr'>Mercu·</span> 
     </span>
     <span class='ocr_line' id='line_1_83' title="bbox 1143 3632 2146 3732; baseline -0.003 -23"><span class='ocrx_word' id='word_1_513' title='bbox 1143 3641 1221 3725; x_wconf 93' lang='lat' dir='ltr'>rio,</span> <span class='ocrx_word' id='word_1_514' title='bbox 1248 3652 1398 3732; x_wconf 89' lang='lat' dir='ltr'>propter</span> <span class='ocrx_word' id='word_1_515' title='bbox 1413 3640 1486 3708; x_wconf 92' lang='lat' dir='ltr'>duo</span> <span class='ocrx_word' id='word_1_516' title='bbox 1511 3638 1657 3708; x_wconf 91' lang='lat' dir='ltr'>illorum</span> <span class='ocrx_word' id='word_1_517' title='bbox 1678 3637 1876 3717; x_wconf 88' lang='lat' dir='ltr'>domicilia;</span> <span class='ocrx_word' id='word_1_518' title='bbox 1910 3639 1992 3707; x_wconf 92' lang='lat' dir='ltr'>ideo</span> <span class='ocrx_word' id='word_1_519' title='bbox 2015 3632 2071 3707; x_wconf 92' lang='lat' dir='ltr'>his</span> <span class='ocrx_word' id='word_1_520' title='bbox 2093 3648 2146 3706; x_wconf 82' lang='lat' dir='ltr'>at-</span> 
     </span>
     <span class='ocr_line' id='line_1_84' title="bbox 1144 3739 2150 3834; baseline -0.002 -22"><span class='ocrx_word' id='word_1_521' title='bbox 1144 3743 1316 3814; x_wconf 92' lang='lat' dir='ltr'>tribuitur</span> <span class='ocrx_word' id='word_1_522' title='bbox 1332 3739 1391 3816; x_wconf 89' lang='lat' dir='ltr'>hic</span> <span class='ocrx_word' id='word_1_523' title='bbox 1410 3741 1623 3834; x_wconf 89' lang='lat' dir='ltr'>triangulus.</span> <span class='ocrx_word' id='word_1_524' title='bbox 1682 3743 1735 3811; x_wconf 92' lang='lat' dir='ltr'>Ac</span> <span class='ocrx_word' id='word_1_525' title='bbox 1756 3741 1915 3813; x_wconf 89' lang='lat' dir='ltr'>interdiu</span> <span class='ocrx_word' id='word_1_526' title='bbox 1937 3740 2150 3812; x_wconf 85' lang='lat' dir='ltr'>dominatur</span> 
     </span>
     <span class='ocr_line' id='line_1_85' title="bbox 1144 3842 2146 3940; baseline -0.004 -22"><span class='ocrx_word' id='word_1_527' title='bbox 1144 3847 1320 3918; x_wconf 91' lang='lat' dir='ltr'>Saturnus</span> <span class='ocrx_word' id='word_1_528' title='bbox 1341 3859 1491 3940; x_wconf 90' lang='lat' dir='ltr'>propter</span> <span class='ocrx_word' id='word_1_529' title='bbox 1513 3869 1615 3916; x_wconf 91' lang='lat' dir='ltr'>suam</span> <span class='ocrx_word' id='word_1_530' title='bbox 1643 3845 1908 3929; x_wconf 91' lang='lat' dir='ltr'>conditionem,</span> <span class='ocrx_word' id='word_1_531' title='bbox 1943 3842 2146 3914; x_wconf 87' lang='lat' dir='ltr'>Mercurius</span> 
     </span>
     <span class='ocr_line' id='line_1_86' title="bbox 1145 3946 2145 4042; baseline -0.005 -22"><span class='ocrx_word' id='word_1_532' title='bbox 1145 3976 1230 4020; x_wconf 84' lang='lat' dir='ltr'>vero</span> <span class='ocrx_word' id='word_1_533' title='bbox 1249 3963 1371 4021; x_wconf 89' lang='lat' dir='ltr'>noctu.</span> <span class='ocrx_word' id='word_1_534' title='bbox 1423 3949 1573 4042; x_wconf 88' lang='lat' dir='ltr'>Signum</span> <span class='ocrx_word' id='word_1_535' title='bbox 1590 3962 1710 4019; x_wconf 91' lang='lat' dir='ltr'>autem</span> <span class='ocrx_word' id='word_1_536' title='bbox 1726 3947 1963 4020; x_wconf 88' lang='lat' dir='ltr'>Geminorum</span> <span class='ocrx_word' id='word_1_537' title='bbox 1985 3946 2145 4020; x_wconf 88' lang='lat' dir='ltr'>vicinum</span> 
     </span>
     <span class='ocr_line' id='line_1_87' title="bbox 1145 4049 2147 4149; baseline -0.005 -25"><span class='ocrx_word' id='word_1_538' title='bbox 1145 4068 1197 4128; x_wconf 90' lang='lat' dir='ltr'>est</span> <span class='ocrx_word' id='word_1_539' title='bbox 1223 4053 1355 4126; x_wconf 92' lang='lat' dir='ltr'>circulo</span> <span class='ocrx_word' id='word_1_540' title='bbox 1382 4055 1538 4136; x_wconf 91' lang='lat' dir='ltr'>aestivo,</span> <span class='ocrx_word' id='word_1_541' title='bbox 1577 4050 1688 4121; x_wconf 87' lang='lat' dir='ltr'>Libra</span> <span class='ocrx_word' id='word_1_542' title='bbox 1713 4051 1988 4149; x_wconf 91' lang='lat' dir='ltr'>aequinoctiali,</span> <span class='ocrx_word' id='word_1_543' title='bbox 2022 4049 2147 4148; x_wconf 85' lang='lat' dir='ltr'>Aqua-</span> 
     </span>
     <span class='ocr_line' id='line_1_88' title="bbox 1144 4153 2146 4248; baseline -0.004 -20"><span class='ocrx_word' id='word_1_544' title='bbox 1144 4155 1417 4245; x_wconf 74' lang='lat' dir='ltr'>riusthiberno.</span> <span class='ocrx_word' id='word_1_545' title='bbox 1487 4155 1719 4228; x_wconf 89' lang='lat' dir='ltr'>Potissimum</span> <span class='ocrx_word' id='word_1_546' title='bbox 1749 4153 1807 4227; x_wconf 93' lang='lat' dir='ltr'>hic</span> <span class='ocrx_word' id='word_1_547' title='bbox 1836 4155 2036 4248; x_wconf 85' lang='lat' dir='ltr'>triangulus</span> <span class='ocrx_word' id='word_1_548' title='bbox 2061 4179 2146 4226; x_wconf 89' lang='lat' dir='ltr'>con-</span> 
     </span>
     <span class='ocr_line' id='line_1_89' title="bbox 1144 4257 2145 4354; baseline -0.003 -24"><span class='ocrx_word' id='word_1_549' title='bbox 1144 4263 1240 4354; x_wconf 79' lang='lat' dir='ltr'>gruit</span> <span class='ocrx_word' id='word_1_550' title='bbox 1260 4287 1340 4332; x_wconf 90' lang='lat' dir='ltr'>cnm</span> <span class='ocrx_word' id='word_1_551' title='bbox 1366 4261 1590 4344; x_wconf 90' lang='lat' dir='ltr'>Subsolanu,</span> <span class='ocrx_word' id='word_1_552' title='bbox 1631 4274 1781 4354; x_wconf 88' lang='lat' dir='ltr'>propter</span> <span class='ocrx_word' id='word_1_553' title='bbox 1805 4260 2014 4332; x_wconf 88' lang='lat' dir='ltr'>Saturnum.</span> <span class='ocrx_word' id='word_1_554' title='bbox 2074 4257 2145 4328; x_wconf 89' lang='lat' dir='ltr'>Sed</span> 
     </span>
     <span class='ocr_line' id='line_1_90' title="bbox 1144 4363 2146 4461; baseline -0.006 -25"><span class='ocrx_word' id='word_1_555' title='bbox 1144 4365 1228 4461; x_wconf 89' lang='lat' dir='ltr'>quia</span> <span class='ocrx_word' id='word_1_556' title='bbox 1249 4363 1327 4434; x_wconf 91' lang='lat' dir='ltr'>lovi</span> <span class='ocrx_word' id='word_1_557' title='bbox 1346 4365 1534 4436; x_wconf 62' lang='lat' dir='ltr'>firmiliaris</span> <span class='ocrx_word' id='word_1_558' title='bbox 1559 4377 1631 4448; x_wconf 90' lang='lat' dir='ltr'>est,</span> <span class='ocrx_word' id='word_1_559' title='bbox 1676 4365 1716 4434; x_wconf 87' lang='lat' dir='ltr'>lit</span> <span class='ocrx_word' id='word_1_560' title='bbox 1738 4365 1869 4436; x_wconf 84' lang='lat' dir='ltr'>mixtus</span> <span class='ocrx_word' id='word_1_561' title='bbox 1892 4389 1935 4433; x_wconf 85' lang='lat' dir='ltr'>ex</span> <span class='ocrx_word' id='word_1_562' title='bbox 1957 4363 2074 4432; x_wconf 89' lang='lat' dir='ltr'>Borea</span> <span class='ocrx_word' id='word_1_563' title='bbox 2110 4374 2146 4431; x_wconf 91' lang='lat' dir='ltr'>et</span> 
     </span>
     <span class='ocr_line' id='line_1_91' title="bbox 1144 4465 2129 4564; baseline -0.004 -24"><span class='ocrx_word' id='word_1_564' title='bbox 1144 4471 1365 4554; x_wconf 84' lang='lat' dir='ltr'>Subsolanu,</span> <span class='ocrx_word' id='word_1_565' title='bbox 1392 4469 1476 4564; x_wconf 88' lang='lat' dir='ltr'>quia</span> <span class='ocrx_word' id='word_1_566' title='bbox 1493 4467 1719 4538; x_wconf 86' lang='lat' dir='ltr'>familiaritas</span> <span class='ocrx_word' id='word_1_567' title='bbox 1736 4481 1789 4539; x_wconf 89' lang='lat' dir='ltr'>est</span> <span class='ocrx_word' id='word_1_568' title='bbox 1805 4465 1899 4539; x_wconf 88' lang='lat' dir='ltr'>lovis</span> <span class='ocrx_word' id='word_1_569' title='bbox 1917 4480 1953 4537; x_wconf 90' lang='lat' dir='ltr'>et</span> <span class='ocrx_word' id='word_1_570' title='bbox 1970 4465 2129 4536; x_wconf 90' lang='lat' dir='ltr'>Saturni.</span> 
     </span>
    </p>
   </div>
   <div class='ocr_carea' id='block_1_20' title="bbox 1141 4603 2145 5524">
    <p class='ocr_par' dir='ltr' id='par_1_21' title="bbox 1141 4603 2145 5524">
     <span class='ocr_line' id='line_1_92' title="bbox 1245 4603 2145 4701; baseline -0.007 -25"><span class='ocrx_word' id='word_1_571' title='bbox 1245 4605 1405 4701; x_wconf 85' lang='lat' dir='ltr'>Quartus</span> <span class='ocrx_word' id='word_1_572' title='bbox 1446 4605 1648 4698; x_wconf 89' lang='lat' dir='ltr'>triangulus</span> <span class='ocrx_word' id='word_1_573' title='bbox 1680 4604 1822 4675; x_wconf 92' lang='lat' dir='ltr'>ducitur</span> <span class='ocrx_word' id='word_1_574' title='bbox 1854 4631 1920 4698; x_wconf 89' lang='lat' dir='ltr'>per</span> <span class='ocrx_word' id='word_1_575' title='bbox 1952 4603 2145 4686; x_wconf 89' lang='lat' dir='ltr'>Cancrum,</span> 
     </span>
     <span class='ocr_line' id='line_1_93' title="bbox 1144 4705 2145 4804; baseline -0.008 -22"><span class='ocrx_word' id='word_1_576' title='bbox 1144 4709 1333 4804; x_wconf 90' lang='lat' dir='ltr'>Scorpium</span> <span class='ocrx_word' id='word_1_577' title='bbox 1364 4721 1399 4779; x_wconf 89' lang='lat' dir='ltr'>et</span> <span class='ocrx_word' id='word_1_578' title='bbox 1419 4707 1559 4793; x_wconf 90' lang='lat' dir='ltr'>Pisces,</span> <span class='ocrx_word' id='word_1_579' title='bbox 1601 4707 1664 4802; x_wconf 91' lang='lat' dir='ltr'>qui</span> <span class='ocrx_word' id='word_1_580' title='bbox 1686 4707 1903 4802; x_wconf 90' lang='lat' dir='ltr'>relinquitur</span> <span class='ocrx_word' id='word_1_581' title='bbox 1926 4705 2038 4776; x_wconf 93' lang='lat' dir='ltr'>Marti</span> <span class='ocrx_word' id='word_1_582' title='bbox 2061 4731 2145 4799; x_wconf 92' lang='lat' dir='ltr'>pro-</span> 
     </span>
     <span class='ocr_line' id='line_1_94' title="bbox 1144 4809 2144 4907; baseline -0.006 -23"><span class='ocrx_word' id='word_1_583' title='bbox 1144 4829 1222 4907; x_wconf 92' lang='lat' dir='ltr'>pter</span> <span class='ocrx_word' id='word_1_584' title='bbox 1232 4813 1418 4906; x_wconf 89' lang='lat' dir='ltr'>Scorpium</span> <span class='ocrx_word' id='word_1_585' title='bbox 1430 4822 1445 4896; x_wconf 70' lang='lat'>,‘</span> <span class='ocrx_word' id='word_1_586' title='bbox 1469 4813 1531 4906; x_wconf 89' lang='lat' dir='ltr'>qui</span> <span class='ocrx_word' id='word_1_587' title='bbox 1547 4809 1735 4881; x_wconf 87' lang='lat' dir='ltr'>estMartis</span> <span class='ocrx_word' id='word_1_588' title='bbox 1752 4811 1986 4883; x_wconf 89' lang='lat' dir='ltr'>domicilium.</span> <span class='ocrx_word' id='word_1_589' title='bbox 2028 4809 2144 4879; x_wconf 90' lang='lat' dir='ltr'>Simul</span> 
     </span>
     <span class='ocr_line' id='line_1_95' title="bbox 1145 4913 2143 4998; baseline -0.009 -10"><span class='ocrx_word' id='word_1_590' title='bbox 1145 4932 1263 4988; x_wconf 89' lang='lat' dir='ltr'>antem</span> <span class='ocrx_word' id='word_1_591' title='bbox 1291 4916 1527 4986; x_wconf 91' lang='lat' dir='ltr'>dominantur</span> <span class='ocrx_word' id='word_1_592' title='bbox 1554 4925 1658 4983; x_wconf 90' lang='lat' dir='ltr'>nocte</span> <span class='ocrx_word' id='word_1_593' title='bbox 1682 4913 1806 4998; x_wconf 88' lang='lat' dir='ltr'>Luna,</span> <span class='ocrx_word' id='word_1_594' title='bbox 1840 4915 1997 4983; x_wconf 90' lang='lat' dir='ltr'>interdiu</span> <span class='ocrx_word' id='word_1_595' title='bbox 2022 4923 2143 4981; x_wconf 91' lang='lat' dir='ltr'>autern</span> 
     </span>
     <span class='ocr_line' id='line_1_96' title="bbox 1142 5015 2144 5100; baseline -0.005 -12"><span class='ocrx_word' id='word_1_596' title='bbox 1142 5019 1276 5092; x_wconf 88' lang='lat' dir='ltr'>Venus.</span> <span class='ocrx_word' id='word_1_597' title='bbox 1349 5017 1414 5090; x_wconf 84' lang='lat' dir='ltr'>Est</span> <span class='ocrx_word' id='word_1_598' title='bbox 1443 5029 1563 5086; x_wconf 89' lang='lat' dir='ltr'>autem</span> <span class='ocrx_word' id='word_1_599' title='bbox 1596 5017 1734 5087; x_wconf 90' lang='lat' dir='ltr'>Cancer</span> <span class='ocrx_word' id='word_1_600' title='bbox 1760 5019 1799 5087; x_wconf 91' lang='lat' dir='ltr'>in</span> <span class='ocrx_word' id='word_1_601' title='bbox 1827 5018 1962 5089; x_wconf 89' lang='lat' dir='ltr'>aestivo</span> <span class='ocrx_word' id='word_1_602' title='bbox 1996 5015 2144 5100; x_wconf 89' lang='lat' dir='ltr'>circulo,</span> 
     </span>
     <span class='ocr_line' id='line_1_97' title="bbox 1143 5116 2143 5216; baseline -0.006 -20"><span class='ocrx_word' id='word_1_603' title='bbox 1143 5126 1313 5216; x_wconf 91' lang='lat' dir='ltr'>Scorpius</span> <span class='ocrx_word' id='word_1_604' title='bbox 1343 5121 1495 5215; x_wconf 89' lang='lat' dir='ltr'>propior</span> <span class='ocrx_word' id='word_1_605' title='bbox 1523 5116 1696 5204; x_wconf 90' lang='lat' dir='ltr'>hiberno,</span> <span class='ocrx_word' id='word_1_606' title='bbox 1728 5119 1847 5192; x_wconf 92' lang='lat' dir='ltr'>Pisces</span> <span class='ocrx_word' id='word_1_607' title='bbox 1875 5117 2143 5214; x_wconf 90' lang='lat' dir='ltr'>aequinoctiali.</span> 
     </span>
     <span class='ocr_line' id='line_1_98' title="bbox 1142 5221 2145 5316; baseline -0.008 -19"><span class='ocrx_word' id='word_1_608' title='bbox 1142 5229 1194 5298; x_wconf 92' lang='lat' dir='ltr'>Ac</span> <span class='ocrx_word' id='word_1_609' title='bbox 1219 5227 1448 5298; x_wconf 85' lang='lat' dir='ltr'>constituitur</span> <span class='ocrx_word' id='word_1_610' title='bbox 1472 5221 1530 5294; x_wconf 86' lang='lat' dir='ltr'>lric</span> <span class='ocrx_word' id='word_1_611' title='bbox 1552 5225 1717 5316; x_wconf 91' lang='lat' dir='ltr'>trigonus</span> <span class='ocrx_word' id='word_1_612' title='bbox 1740 5223 1971 5294; x_wconf 87' lang='lat' dir='ltr'>occidentalis</span> <span class='ocrx_word' id='word_1_613' title='bbox 1993 5233 2145 5316; x_wconf 90' lang='lat' dir='ltr'>propter</span> 
     </span>
     <span class='ocr_line' id='line_1_99' title="bbox 1142 5325 2145 5412; baseline -0.006 -12"><span class='ocrx_word' id='word_1_614' title='bbox 1142 5331 1270 5403; x_wconf 88' lang='lat' dir='ltr'>Martis</span> <span class='ocrx_word' id='word_1_615' title='bbox 1285 5344 1320 5400; x_wconf 92' lang='lat' dir='ltr'>et</span> <span class='ocrx_word' id='word_1_616' title='bbox 1335 5327 1461 5399; x_wconf 88' lang='lat' dir='ltr'>Lunae</span> <span class='ocrx_word' id='word_1_617' title='bbox 1486 5327 1792 5412; x_wconf 88' lang='lat' dir='ltr'>dominationem,</span> <span class='ocrx_word' id='word_1_618' title='bbox 1825 5351 1865 5398; x_wconf 91' lang='lat' dir='ltr'>ac</span> <span class='ocrx_word' id='word_1_619' title='bbox 1887 5327 1926 5395; x_wconf 88' lang='lat' dir='ltr'>lit</span> <span class='ocrx_word' id='word_1_620' title='bbox 1947 5325 2077 5396; x_wconf 80' lang='lat' dir='ltr'>mixtus</span> <span class='ocrx_word' id='word_1_621' title='bbox 2102 5347 2145 5394; x_wconf 84' lang='lat' dir='ltr'>ex</span> 
     </span>
     <span class='ocr_line' id='line_1_100' title="bbox 1141 5429 1867 5524; baseline -0.003 -20"><span class='ocrx_word' id='word_1_622' title='bbox 1141 5435 1274 5506; x_wconf 90' lang='lat' dir='ltr'>Austro</span> <span class='ocrx_word' id='word_1_623' title='bbox 1291 5447 1326 5504; x_wconf 90' lang='lat' dir='ltr'>et</span> <span class='ocrx_word' id='word_1_624' title='bbox 1339 5431 1482 5516; x_wconf 91' lang='lat' dir='ltr'>Africo,</span> <span class='ocrx_word' id='word_1_625' title='bbox 1513 5443 1663 5524; x_wconf 71' lang='lat' dir='ltr'>propter</span> <span class='ocrx_word' id='word_1_626' title='bbox 1677 5429 1867 5502; x_wconf 86' lang='lat' dir='ltr'>Venerem.</span> 
     </span>
    </p>
   </div>
   <div class='ocr_carea' id='block_1_21' title="bbox 0 0 2426 6118">
    <p class='ocr_par' dir='ltr' id='par_1_22' title="bbox 0 0 2426 6118">
     <span class='ocr_line' id='line_1_101' title="bbox 0 0 2426 6118; baseline 0 0"><span class='ocrx_word' id='word_1_627' title='bbox 0 0 2426 6118; x_wconf 95' lang='lat' dir='ltr'> </span> 
     </span>
    </p>
   </div>
  </div>
 </body>
</html>
