4748 6108
18 225 24 284 ¹1
82 211 135 289 929
405 201 527 280 LXIII.
585 203 984 282 INTERPRE'I'A'I'IO
1016 199 1406 280 HERACLIDARUM
1437 201 1688 279 EURIPIDIS.
1982 219 2057 294 930

19 449 31 453 ,,
113 383 219 476 Iupiter
233 373 316 452 mibi
330 379 483 472 gretiam
501 379 633 452 merito
836 397 839 404 ’
1116 377 1281 450 Herculis
1297 375 1407 458 lilios:
1431 387 1493 448 aut
1506 376 1731 467 interfectus,
1753 383 1844 458 mibi

20 933 23 940 '
107 925 142 996 Et
153 941 205 998 tua
220 923 304 998 haec
319 930 424 1014 urbs,
447 927 546 1000 cuius
561 941 601 999 tu
615 941 731 1000 mater

103 1133 197 1225 dbige
211 1129 276 1205 huc
292 1137 526 1206 adducentem
545 1134 675 1205 iniuste

111 487 212 556 Habet.
259 483 339 556 Non
354 495 461 556 erunt
474 481 536 554 Dii
1066 484 1142 556 810
1164 481 1329 553 Patrium
1344 477 1523 552 honorem
1542 493 1577 550 et
1592 483 1729 556 donum
1746 489 1923 588 relinque.

110 587 269 682 Ioledopes
281 581 516 670 homiuibus,
527 586 593 658 etsi
608 611 667 657 me
683 587 842 660 videant.
1115 583 1301 658 Exercitus
1318 607 1406 656 vero
1424 585 1592 668 assensit,
1616 589 1712 658 etad
1729 589 1836 664 finem
1856 598 2034 670 malorum

370 701 581 806 [serapte
606 704 666 808 2.]
917 746 920 754 ·
1117 687 1164 760 Et
1190 713 1257 781 pro
1289 687 1538 781 magnitudine
1571 690 1683 760 animi
1711 698 1893 785 praeclare
1922 701 2054 772 dictam

77 825 129 895 770
145 825 202 895 seu
244 849 264 894 o
280 827 484 896 veneranda
526 837 631 897 tuum·
646 839 698 898 est
714 821 783 898 hoc
798 829 913 899 solum
1475 815 1548 860 ²⁸⁸²
1564 793 1780 869 mmm·
1803 874 1816 904 κ

212 879 221 909 ’
494 881 505 910 ’
917 881 928 914 '
1118 891 1186 965 Iste
1209 917 1297 964 vero
1313 915 1431 988 oeque
1448 893 1623 966 reveritus
1644 897 1830 974 audientes
1846 903 1884 975 iu
1908 931 2055 998 respon-

1480 997 1599 1066 dendo

1118 1101 1243 1196 Neque
1269 1101 1365 1198 ipse,
1402 1125 1481 1172 cum
1512 1049 1612 1170 esset,
1634 1101 1724 1186 dur,
1765 1122 1915 1198 propter
1949 1137 2053 1186 suum
2160 1199 2162 1212 .

1470 1215 1605 1272 melum

1067 1301 1143 1376 815
1166 1307 1285 1381 drusus
1299 1317 1352 1376 est
1367 1306 1489 1374 venire
1508 1307 1544 1374 in
1562 1317 1761 1390 certamem

100 1441 241 1537 Aequum
256 1457 309 1516 est
327 1469 383 1514 me
400 1445 562 1514 amittere
578 1441 770 1516 civitatem.
1117 1408 1187 1478 sed
1201 1421 1279 1478 ‘¹¹³¹
1293 1408 1564 1498 ibuavlsslmflsi
1586 1409 1669 1478 ‘¹05⁰
1685 1433 1765 1480 Μ
1783 1413 1862 1486 “IIIS
1877 1430 1978 1502 efflei,

664 1539 668 1545 ²
1116 1509 1226 1582 Venit
1248 1509 1286 1580 in
1309 1511 1515 1582 servitutem
1544 1515 1755 1584 reducturus
1782 1529 1944 1607 posteros
1966 1519 2056 1595 Iler-

320 1552 635 1664 [Antiet'ropbe
658 1560 717 1662 2.]
1478 1614 1577 1684 cupis·

98 1679 150 1750 sed
165 1681 242 1779 ‘lUIfl
261 1683 327 1754 libi
343 1707 484 1776 semPer
499 1683 695 1762 mull⁰r⁰¹¹¹
708 1683 961 1756 ⁸³⁰¹ffi⁰i⁰mffl
1117 1715 1244 1808 Hyllus
1259 1711 1381 1812 itique
1394 1717 1553 1788 discessit
1566 1718 1604 1786 in
1620 1715 1795 1810 reliquam
1814 1721 1939 1798 aciem.

98 1783 241 1905 Honores
257 1780 479 1905 ⁰ff⁹f⁰¹¹mf'
502 1809 619 1880 neque
635 1789 789 1858 ⁰⁰⁶⁰I¹³I
804 1811 844 1857 0³
1116 1819 1224 1890 Vates
1242 1843 1349 1903 vero,
1373 1832 1563 1913 postquam
1582 1819 1798 1891 audiverunt

98 1885 253 2008 blensrum
269 1891 398 1960 ultrma
417 1891 513 1972 (110⁵,
538 1901 573 1958 θῑ
589 1913 663 1958 ¹¹⁰⁰
679 1907 816 2007 ξθδδὸὓῑ
1066 1921 1142 1996 8Ωο
1164 1921 1247 1992 Nou
1263 1923 1385 2014 perlici
1403 1923 1509 1992 linem
1527 1922 1612 1992 belli
1631 1923 1806 2012 singulari
1821 1929 2029 2012 certamine,

70 1987 113 2058 ut
129 1989 294 2062 Carmina
311 1991 529 2083 templorum
548 2004 583 2060 et
599 2005 781 2064 cantiones
801 1992 1011 2066 chororum:
1116 2025 1342 2108 Mactabanp,
1356 2049 1432 2096 110„
1447 2027 1728 2108 cunctabantur,
1749 2029 1812 2098 sed
1827 2029 2055 2104 dimittebant

98 2089 244 2166 Illillore
261 2107 419 2166 ventosi>
562 2195 571 2212 ·
713 2198 721 2214 ·
1114 2125 1168 2197 Ex
1182 2127 1342 2198 lancibus
1360 2127 1571 2222 cruentis⁶¹)
1590 2129 1710 2198 stetim
1729 2130 1881 2202 faustam
1898 2157 2034 2209 necem.

94 2195 235 2271 001Ῑὸ018
251 2209 591 2291 8011ὃῦ0110οῑΰῖΜῦ
607 2197 789 2290 Pl³¹¹⁵¹b¹¹⁸
1115 2230 1188 2299 Alii
1202 2233 1447 2302 conscendunt
1460 2232 1497 2298 in
1514 2253 1661 2314 currus,
1682 2231 1744 2300 alii
1759 2235 1826 2304 sub
1839 2236 2013 2310 lateribus

89 2299 530 2400 SleedIbUSIIfbinum·
1116 2333 1333 2427 Clypeorum
1363 2335 1557 2424 tangebant
1588 2345 1716 2406 costas.
1779 2332 2054 2414 AthenIensium

158 2415 407 2518 [Famulus,
433 2419 653 2502 Alcmene,
682 2415 871 2519 Uberae]
1474 2459 1560 2508 vero
1576 2439 1649 2508 dux

85 2539 162 2610 Fam.
186 2539 222 2611 Ο
238 2539 413 2622 domina,
436 2537 513 2608 lero
529 2537 596 2606 tibi
609 2537 755 2608 brevem
772 2541 972 2612 orationem
1066 2534 1141 2614 825
1162 2537 1397 2610 Denuntiavit
1414 2539 1597 2624 exercitui,
1615 2537 1736 2634 qualia
1755 2553 1920 2633 oporteat
1936 2545 2053 2617 virum

52 2635 103 2710 lib
121 2643 275 2729 Audito,
304 2655 341 2714 et
357 2638 446 2712 mibi
466 2639 653 2732 optimam.
1481 2644 1612 2712 sortem
1630 2641 1766 2712 dicere:

82 2743 254 2818 Vincimus
271 2744 417 2826 hostes,
437 2757 472 2814 et
487 2744 710 2812 collocantur
725 2755 885 2836 tropaea.
1117 2745 1152 2816 Ο
1167 2745 1280 2832 dves,
1301 2757 1441 2830 terrae,
1460 2768 1552 2840 quae
1566 2743 1656 2816 aluit
1669 2765 1746 2827 vos,

81 2847 207 2940 Quibus
221 2854 389 2942 figuntur
405 2871 505 2918 anna
524 2861 667 2916 tuorum
683 2841 854 2921 hostium.
1116 2847 1163 2918 Et
1178 2873 1270 2942 quae
1288 2849 1411 2939 genuit
1426 2873 1510 2932 vos,
1538 2871 1629 2939 opus
1643 2857 1694 2918 est
1711 2846 1782 2916 iam
1799 2869 1905 2940 opem
1919 2851 2022 2924 Ierre.

78 2953 143 3024 Alc.
169 2952 204 3022 Ο
223 2951 458 3034 charissime,
480 2951 545 3018 iste
562 2947 638 3020 dies
654 2949 725 3042 egit
739 2962 774 3020 te
791 2947 873 3034 buc,
1117 2951 1290 3022 Similiter
1307 2953 1397 3022 alter
1413 2952 1530 3040 Argos
1544 2937 1620 3020 non
1637 2951 1760 3022 volens
1775 2954 2004 3040 dedecorare,

79 3051 120 3124 Ut
134 3055 224 3128 liber
239 3058 312 3128 lias
326 3067 475 3148 propter
489 3047 558 3120 hoc
571 3052 751 3124 nuntium.
1117 3053 1163 3122 Et
1179 3051 1367 3146 Mycenas,
1391 3055 1604 3144 precabatur
1619 3054 1747 3124 socios.

42 3152 97 3226 790
116 3157 294 3231 Nondum
318 3170 437 3229 autem
465 3155 595 3224 liberas
610 3179 668 3224 me
691 3157 737 3230 ab
758 3179 829 3226 une
857 3157 1012 3251 quadam
1067 3157 1143 3228 050
1178 3157 1375 3250 Postquam
1406 3156 1546 3246 signum
1576 3156 1675 3224 dedit
1702 3155 1838 3227 clarum
1862 3155 2053 3251 Tyrrhena

441 3257 665 3338 difficultate:
1421 3247 1429 3264 ’
1480 3258 1579 3340 tuba,

80 3363 195 3435 bletuo
216 3365 339 3446 enim,
364 3387 412 3430 au
427 3360 569 3442 vivant,
590 3373 784 3454 qnosopto
799 3359 930 3432 vivere.
1119 3359 1164 3430 Et
1177 3362 1354 3452 congressi
1369 3373 1453 3432 snut
1468 3361 1621 3430 invicem
1638 3381 1771 3452 pugna,

76 3469 161 3542 Fam.
185 3465 330 3536 Vivunt
343 3463 497 3532 maxime
512 3461 658 3554 gloriosi
675 3463 713 3532 in
726 3464 893 3534 exercitu.
929 3509 946 3524 ,ι
1118 3465 1303 3558 Quantum
1318 3466 1475 3535 sonitum
1494 3465 1700 3557 clypeorum
1718 3475 1822 3554 putas
1843 3465 2054 3544 fremuisse?

76 3573 143 3642 Alc.
169 3571 294 3642 Senex
314 3567 375 3636 ille
388 3564 524 3636 vivitne
536 3561 679 3637 Iolaus?
1118 3568 1300 3661 Quantam
1319 3569 1587 3639 concussionem
1605 3579 1640 3636 et
1653 3567 1806 3658 gemitus
1822 3567 1954 3640 simul?

73 3675 161 3746 Fam.
190 3669 416 3743 Felicissime
447 3667 555 3752 vivit,
586 3681 794 3740 consecutus
818 3671 1014 3740 maximum
1117 3671 1280 3742 Primum
1296 3671 1441 3765 quidem
1458 3671 1627 3760 strepitus
1643 3669 1767 3760 Argivi
1786 3673 1959 3746 exercitus

388 3832 391 3840 Α
440 3769 612 3844 divinitus
626 3771 850 3844 beneficium.
1069 3771 1143 3847 835
1165 3773 1335 3866 Perrupit
1351 3797 1437 3858 nos,
1458 3775 1588 3844 deinde
1604 3785 1896 3844 retrocesserunt.

35 3869 92 3945 795
111 3881 191 3951 Ale.
217 3874 409 3970 Quidnam
427 3873 503 3944 est?
521 3899 567 3943 an
581 3875 735 3966 gloriose
752 3875 951 3966 pugnavit?
1116 3879 1245 3950 Postea
1264 3877 1415 3950 collatus
1432 3901 1495 3970 pes
1512 3878 1608 3970 pedi,

70 3983 160 4052 Fam.
190 3979 331 4050 Factus
346 3987 399 4047 est
416 3975 555 4048 iuvenis
571 4001 694 4050 rursus
709 4003 751 4048 ex
767 4003 862 4052 sene.
1118 3981 1166 4050 Et
1181 3981 1236 4050 vir
1255 3983 1333 4051 viro
1348 3994 1466 4064 stans,
1492 3979 1745 4072 perseverabat
1757 3977 1796 4048 in
1809 4002 1943 4069 pugna.

65 4085 139 4155 Alc.
165 4083 272 4154 Mira
290 4077 395 4157 dicis:
417 4079 479 4149 sed
495 4079 578 4162 volo
595 4093 629 4149 te
645 4105 793 4151 narrare
810 4082 968 4173 primum
1121 4083 1226 4153 Multi
1242 4085 1429 4156 cedebant:
1456 4097 1560 4152 erant
1573 4082 1633 4152 iIIa
1651 4082 1758 4152 verba
1774 4075 2054 4151 adhortationis:

64 4181 225 4258 Felicem
249 4205 409 4276 pugnam
427 4181 639 4252 aulicorum.
1120 4187 1154 4256 0
1170 4182 1349 4267 Athenas,
1377 4210 1399 4253 o
1415 4185 1633 4282 Argivorum
1649 4205 1755 4272 agros

63 4291 158 4362 Fam.
187 4287 280 4359 Una
299 4283 417 4353 oratio
434 4283 554 4353 ornnia
572 4285 795 4377 significabit.
1042 4361 1045 4371 ,
1071 4289 1145 4362 040
1165 4289 1349 4370 Serentes,
1373 4309 1448 4358 nou
1464 4283 1649 4377 depelletis
1664 4287 1817 4354 dedecus
1831 4281 1938 4354 urbi?

24 4381 85 4460 800
113 4393 334 4486 Postquam
356 4395 480 4458 contra
504 4411 571 4457 nos
594 4400 719 4460 mutuo
743 4389 937 4460 exercitum
960 4413 1018 4460 ar·
1041 4388 1045 4425 ¹
1120 4391 1188 4460 Vix
1206 4392 1327 4459 omnia
1345 4390 1535 4472 iacientes,
1557 4411 1633 4458 non
1649 4385 1726 4456 sine
1741 4385 1866 4456 labore

443 4502 582 4586 rnatum
1119 4491 1302 4562 Vertimus
1318 4493 1357 4560 in
1368 4494 1490 4582 lugam
1508 4490 1681 4581 Argivum
1700 4487 1907 4562 exercitum.

57 4595 249 4670 Cominus
268 4593 498 4663 extendentes
518 4592 787 4676 collocavimus,
1121 4593 1166 4664 Et
1189 4593 1239 4664 ibi
1264 4617 1371 4664 senex
1385 4589 1504 4664 Iolaus
1530 4593 1655 4662 videus
1671 4591 1816 4684 Hyllum
1845 4603 2057 4684 provectum

56 4697 303 4772 Promovens
317 4697 443 4788 pedem
461 4720 502 4765 ex
519 4721 626 4766 curru
641 4694 767 4788 Hyllus
819 4738 822 4754 ·
912 4700 916 4716 ⁴
1478 4707 1576 4766 extra
1593 4694 1718 4778 aciem,

55 4801 168 4876 Stetit
188 4803 298 4872 inter
314 4797 451 4868 medias
467 4797 570 4882 acies,
1121 4799 1239 4890 Rogat
1256 4793 1442 4890 porrigens
1459 4809 1622 4882 manum,
1715 4864 1721 4890 Ι

28 1087 34 1113 ,
104 1027 142 1100 Et
155 1031 288 1101 domina
305 1044 341 1102 et
356 1046 510 1126 patrona
529 1031 639 1117 urbis,

27 1239 28 1247 ’
71 1231 122 1306 775
140 1235 389 1310 Dimiceturum
406 1233 626 1310 *exercitum
642 1263 684 1308 ex
700 1235 810 1331 Argo.

102 1337 169 1412 Non
184 1341 273 1410 enim
289 1353 439 1434 propter
455 1363 572 1412 meam
592 1339 761 1412 virtutem

55 4903 102 4976 Et
120 4905 274 4978 deinde
290 4901 395 4972 dixit:
419 4897 562 4983 Odor,
585 4899 648 4994 qui
666 4900 765 4989 penis
780 4925 822 4970 ex
837 4903 935 4992 Argo
1071 4899 1146 4982 845
1168 4902 1218 4972 Ut
1233 4901 1382 4972 collocet
1396 4925 1477 4972 eum
1495 4903 1532 5004 in
1550 4911 1752 4998 equestrem
1765 4874 1928 4980 currum,
1960 4879 1964 4886 ⁴

10 4999 79 5080 805
96 5005 142 5080 In
161 5003 276 5080 hanc
292 5017 439 5088 terram,
456 5027 531 5073 non
547 5001 760 5095 permittunt
778 5027 863 5096 opes
879 5017 914 5074 et
927 5003 1020 5074 vires
1042 4995 1046 5127 Ι
1122 5003 1168 5075 Et
1183 5003 1359 5096 accipiens
1376 4993 1533 5077 habenas¹
1549 4997 1728 5086 manibus,

443 5117 525 5178 Illae
598 5139 615 5170 «ι
1102 5135 1282 5180 ,,,-·-,,,
1416 5134 1419 5152 ·
1512 5145 1515 5150 -
1567 5113 1589 5129 ”“
1787 5155 1790 5164 ,

53 5211 103 5284 Et
122 5213 412 5307 Mycenasnon
427 5159 819 5300 afficieeincommodo,
853 5266 856 5274 Δ
950 5250 955 5265 =
1043 5217 1048 5381 p
1107 5241 1157 5298 en
1175 5239 1314 5299 emen]
1337 5238 1380 5292 de
1403 5239 1488 5296 aute
1508 5237 1603 5302 tues„
1620 5237 1717 5354 emp
1752 5233 1837 5286 rnre
1855 5231 1976 5284 mend:
2008 5230 2060 5283 eu-

1717 5317 1734 5354 II

54 5311 539 5386 Privandoeosunoviro.
592 5313 714 5406 Quare
730 5335 866 5382 moeum
950 5422 953 5428 Ι
1001 5377 1005 5384 ,
1044 5353 1097 5438 t]
1136 5311 1303 5445 ffippnt‘:
1323 5309 1424 5443 Im]
1434 5309 1584 5442 pegam
1607 5307 1744 5441 puppam
1757 5297 2061 5434 ”dgrffi‘rdrnffl

56 5414 355 5512 Congrediena,
378 5423 441 5483 aut
456 5414 575 5484 occiso
589 5409 674 5498 me,¹
688 5415 804 5486 abduc
909 5460 913 5469 -
936 5456 970 5488 ..1
1140 5443 1214 5516 „0-
1520 5496 1526 5504 Ι

4 5531 208 5602 fimum
235 5528 347 5596 orne.
371 5526 458 5592 Vou.
480 5529 607 5592 XVIII.
1452 5515 1501 5588 59
