4692 6092
55 261 114 346 aa
508 249 632 348 evus
656 215 1560 342 mnrrrnnoormnrmnns.
1975 256 2048 332 rsa

92 440 205 525 „lllios
226 439 314 510 inter
337 461 439 520 suos;
463 435 525 506 alii
548 461 768 523 remoneo,
788 440 886 534 quod
907 436 1006 534 quie·
1108 435 1194 508 Tibi
1218 449 1269 508 est
1293 432 1381 508 haec
1400 437 1486 508 urbs
1510 447 1545 506 et
1571 447 1719 528 paterna
1744 437 1885 520 domus,

435 552 577 625 verunt,
1106 539 1155 610 Et
1176 538 1289 612 victus
1314 551 1349 610 et
1368 538 1594 610 conversatio
1620 539 1841 620 amicorum

89 645 411 736 „comparaverunt
434 643 503 712 sibi
529 643 716 714 infamiam
740 657 775 714 et
795 643 1005 736 opinionem
1056 639 1133 718 255
1154 641 1231 734 Ego
1254 667 1331 714 sum
1355 643 1514 724 deserta,
1542 641 1647 712 exulo
1669 654 1705 711 et
1728 641 1859 712 iniuria
1881 639 2017 710 afficior

223 735 232 746 ’
297 821 300 828 ,
424 744 600 836 ignaviae.
1107 747 1140 815 A
1163 744 1318 830 marito,
1339 747 1489 816 abducta
1514 768 1533 812 e
1558 755 1653 812 terra
1678 745 1846 828 barbara,

87 847 185 932 „Nou
210 859 260 918 est
282 848 417 918 iustitia
440 848 480 918 in
503 848 615 918 oculis
640 849 714 920 eius
737 844 908 927 hominis,
1107 847 1407 942 Nequematrem,
1421 847 1838 941 neqnefratrem‚neque
1852 857 2042 938 cognatum

48 952 104 1024 tto
133 949 326 1046 „Quisquis
357 963 482 1036 antea,
524 975 633 1045 quam
659 946 815 1022 hominis
842 948 1004 1020 animum
1107 951 1272 1034 Habens,
1303 953 1366 1046 qui
1389 974 1446 1020 me
1467 949 1504 1016 in
1528 961 1674 1039 portum
1696 951 1803 1020 ducat
1824 945 1930 1020 huius
1953 948 2044 1018 cala-

427 1053 647 1146 eognoverit,
1465 1050 1615 1120 mitatis:

83 1209 100 1238 ,‚
109 1153 188 1224 Odit
210 1155 356 1238 videns,
379 1156 476 1226 nulla
501 1155 633 1226 iniuria
657 1154 813 1224 affectus.
1107 1157 1267 1230 Tantum
1292 1154 1398 1246 cupio
1418 1167 1479 1222 tua
1502 1152 1554 1224 uti
1579 1176 1701 1244 opera,

82 1257 253 1349 „Oportet
274 1253 451 1350 hOSPfflem
475 1260 580 1328 valde
602 1282 639 1327 ὅθ
661 1256 933 1326 ³⁰t⁰mm⁰dssre
957 1253 1004 1322 ci·
1056 1260 1131 1334 260
1157 1260 1193 1329 Si
1215 1253 1303 1326 mibi
1327 1258 1383 1326 via
1408 1255 1527 1350 aliqua
1554 1269 1590 1326 et
1612 1256 1705 1326 ratio
1730 1255 1884 1324 inveniri
1909 1253 2032 1346 possit,

428 1359 542 1432 vitati.
1108 1364 1189 1455 Qua
1212 1360 1382 1430 maritum
1406 1359 1557 1430 ulciscar
1579 1382 1647 1450 pro
1673 1355 1728 1428 his
1751 1357 1865 1440 malis,

80 1461 219 1556 „Neque
242 1463 353 1536 laudo
379 1463 513 1548 civem,
536 1461 599 1558 qui
622 1475 815 1534 contumax
837 1473 901 1546 est,
1106 1465 1154 1536 Et
1176 1466 1239 1559 qui
1263 1463 1362 1534 dedit
1383 1459 1471 1558 eiss)
1493 1460 1604 1530 liliam
1624 1485 1746 1546 suam,
1771 1459 1980 1540 Creontem,
2010 1471 2046 1526 et

79 1561 494 1657 „Etacerbusergacives
504 1579 651 1658 propter
662 1564 1004 1636 intractabilitatem.
1474 1587 1584 1658 quam
1609 1565 1730 1646 duxit,
1757 1563 1943 1633 Glaucam.

43 1661 1004 1764 225Mihiverohaecres,quaeeximprovisocontigit,
1108 1670 1158 1742 Ut
1188 1683 1317 1740 taceas.
1369 1665 1493 1752 „Nam
1525 1665 1654 1736 mulier
1691 1665 1826 1759 alioqui
1857 1676 1909 1735 est
1938 1662 2044 1754 plena

79 1768 240 1862 Corrupit
265 1770 446 1855 animum,
468 1771 562 1863 perii
582 1785 636 1855 et,
658 1772 753 1842 vitae
1201 1813 1204 1826 ·
1469 1769 1612 1854 timore,

76 1871 259 1964 Voluptate
286 1873 437 1957 amissa,
465 1874 548 1944 volo
570 1873 664 1944 mori
688 1875 840 1942 amicae·
1108 1875 1267 1968 „ignava
1280 1873 1322 1942 ad
1339 1872 1530 1963 proelium,
1546 1873 1635 1942 etad
1651 1870 1861 1941 intuendum
1880 1871 2034 1944 sernum

75 1973 177 2058 Nam,
201 1974 240 2044 in
264 2001 339 2070 quo
366 1989 468 2046 erant
491 1999 615 2048 omnes
628 1999 730 2048 meae
751 1999 830 2068 spes
851 1983 886 2042 et
907 1992 1005 2062 opes,
1056 1978 1132 2056 265
1160 1978 1263 2065 „sed
1285 1977 1431 2068 quando
1449 1989 1502 2048 est
1517 1974 1646 2046 iniuria
1666 1973 1810 2060 affecta,
1835 1974 1955 2068 quoad
1970 1993 2046 2039 rna·

75 2073 166 2148 Meus
190 2079 354 2164 maritus,
367 2080 480 2150 faetus
504 2092 556 2152 est
576 2079 751 2173 pessimus
773 2075 947 2148 omnium.
1467 2078 1693 2162 trimonium,

45 2175 94 2248 230
112 2177 241 2262 „luter
256 2181 394 2267 omnia,
410 2181 582 2280 quaem)
601 2182 728 2254 vivunt
743 2195 778 2252 et
794 2179 935 2249 ratione
950 2185 1006 2245 ut·
1109 2184 1225 2269 „Non
1248 2193 1300 2252 est
1326 2182 1393 2250 alia
1418 2205 1518 2254 mens
1541 2181 1786 2277 crudeliorfl),

430 2297 561 2370 untur,·
1111 2290 1209 2362 Cloe.
1246 2285 1391 2356 Faciam
1415 2280 1519 2365 haec;
1546 2308 1631 2354 nam
1653 2285 1744 2358 iuste
1767 2281 1949 2378 puniesffi)
1971 2302 2046 2370 tpa-

74 2381 170 2466 „Nos
192 2387 366 2460 mulieres
387 2413 510 2460 sumus
535 2388 776 2462 miserrimum
806 2409 916 2480 genos
941 2378 1006 2452 ho·
1467 2389 1576 2458 ritum
1600 2400 1716 2472 tuum,

431 2493 568 2564 minum
578 2491 638 2589 ¹⁰),
1110 2492 1256 2562 Medea:
1282 2514 1357 2562 non
1378 2490 1492 2562 miror
1514 2504 1549 2560 te
1572 2491 1694 2582 lugere
1720 2491 1822 2560 istam
1849 2487 2044 2558 fortunam.

70 2589 195 2681 „Quas
217 2607 369 2686 oportet
392 2595 549 2686 prlmum
572 2593 737 2666 maximis
763 2591 891 2686 opibus
1109 2595 1179 2666 Sed
1200 2595 1306 2665 video
1324 2591 1538 2678 Creontem,
1562 2593 1750 2662 domiuum
1773 2587 1880 2662 huius
1903 2604 2032 2672 terrae,

67 2691 326 2786 „COmparflre
349 2699 537 2784 moritum,
562 2698 821 2791 d⁰¹¹¹i¹¹t¹¹¹¹q¹¹e
845 2690 1007 2784 ῑθῑΡΟῐῖὃ
1058 2689 1134 2774 270
1158 2698 1391 2780 Venientem,
1418 2697 1584 2768 nuntium
1603 2697 1690 2766 novi
1706 2693 1935 2790 oonsiliiffl).

65 2796 285 2890 „Accipere.
337 2797 414 2868 Hoc
432 2803 527 2870 malo
544 2798 660 2872 adhuc
675 2799 777 2892 peius
792 2810 845 2870 est
859 2799 1006 2876 matum,
1111 2807 1187 2877 Cre.
1208 2801 1262 2872 Te
1284 2803 1426 2872 torvam
1452 2813 1487 2870 et
1509 2801 1637 2870 iratam
1661 2799 1794 2870 marito
1816 2810 1893 2884 tuo,

25 2889 85 2964 235
119 2896 167 2970 Et
187 2899 229 2970 in
257 2897 333 2970 hoc
356 2903 552 2974 maximum
576 2917 775 2986 certamen,
813 2902 910 2997 quod
932 2899 1006 2972 sive
1110 2905 1297 2989 Medeam,
1320 2904 1426 2976 iubeo
1449 2904 1500 2977 ire
1523 2927 1565 2974 ex
1588 2898 1654 2973 hac
1678 2915 1787 2988 terra,

439 3007 573 3076 malurn
602 3006 775 3098 accipere,
1108 3007 1320 3092 Extorrem,
1343 3007 1494 3098 acceptis
1515 3019 1631 3076 tecum
1655 3007 1794 3078 duobus
1817 3001 1951 3099 pneris,
2050 3039 2053 3048 =

63 3098 140 3172 Sive
163 3104 312 3176 bonum
334 3129 424 3198 opus
446 3122 514 3180 est:
539 3135 613 3180 non
628 3109 822 3178 laudantur
838 3105 993 3176 divortia
1107 3111 1156 3182 Et
1176 3107 1267 3182 nihil
1293 3109 1468 3194 cunctari,
1495 3111 1580 3204 qnia
1603 3134 1669 3201 ego
1694 3121 1801 3182 autor
1822 3106 2018 3180 sententiae

65 3199 130 3285 „ln
146 3207 390 3292 mulieribus,
414 3233 530 3306 neque
553 3211 635 3284 licet
646 3233 809 3282 recusare
822 3207 1005 3280 maritum.
1058 3211 1135 3292 276
1160 3211 1262 3286 lstius
1284 3237 1384 3296 sum,
1404 3237 1522 3308 oeque
1546 3214 1671 3284 redibo
1693 3215 1855 3296 domum,

63 3307 160 3386 „Sed
185 3310 399 3381 venientem
425 3314 469 3382 ad
498 3339 613 3386 novos
635 3337 754 3384 mores
777 3325 812 3382 et
833 3311 926 3404 leges
1108 3318 1324 3411 Priusquam
1350 3317 1487 3388 eiecero
1513 3329 1546 3386 te
1572 3341 1591 3386 e
1614 3315 1744 3388 linibus
1766 3312 1873 3388 huius
1896 3327 2025 3384 terrae.

63 3409 254 3504 „Oportet
278 3413 441 3484 divinare
465 3413 564 3511 (quia
585 3417 685 3488 domi
708 3439 783 3486 non
808 3414 1005 3513 cognovit),
1107 3423 1202 3495 Med.
1226 3419 1306 3490 Heu
1331 3444 1478 3512 prorsus
1496 3419 1648 3506 misera,
1671 3420 1775 3512 perii,

20 3507 83 3581 tto
104 3515 264 3608 „Quem
288 3517 443 3590 maxime
467 3519 513 3590 sit
536 3515 703 3592 habitura
729 3520 858 3590 virum.
1107 3521 1247 3594 lnimiei
1270 3523 1438 3594 emittunt
1460 3547 1585 3594 omnes
1605 3525 1785 3606 rudentes,

60 3613 134 3698 „El
152 3619 184 3688 si
210 3617 322 3690 nobis
346 3614 434 3690 haee
456 3623 631 3714 perpessis
651 3624 742 3694 bene
1107 3627 1233 3721 Neque
1256 3641 1309 3698 est
1330 3628 1500 3720 effugium
1524 3629 1754 3698 commodum
1779 3621 1885 3698 huius
1907 3620 2004 3692 mali.

59 3715 620 3810 „Cohabitaveritmaritus,non
629 3726 803 3798 violenter
812 3725 1006 3817 imperans,
1056 3731 1133 3806 280
1154 3730 1222 3800 Sed
1238 3721 1568 3824 quamquam'male
1591 3743 1745 3816 tractor,
1769 3741 1891 3800 tamen
1906 3726 2041 3796 dicam:

55 3818 204 3902 „Beata
234 3835 291 3892 est
314 3824 404 3907 vita;
427 3825 484 3898 sin
505 3828 642 3913 minus,
663 3829 774 3900 satius
796 3840 848 3899 est
866 3826 971 3896 mori.
1108 3833 1182 3904 Cur
1205 3857 1284 3916 me,
1311 3831 1449 3916 Creon,
1474 3835 1571 3906 eiieis
1596 3859 1638 3904 ex
1660 3830 1727 3904 hac
1749 3831 1870 3902 terra?

54 3923 154 4004 „Vir
183 3949 275 3998 cnm
301 3927 399 3998 dolet
423 3943 572 4023 propter
594 3957 650 4004 res
677 3931 903 4014 domesticas,
1109 3939 1181 4010 oe.
1214 3934 1339 4006 Metuo
1369 3949 1403 4006 te
1427 3933 1535 4029 (nihil
1561 3962 1652 4028 opus
1678 3949 1731 4010 est
1759 3935 1942 4004 involvere
1971 3953 2043 3998 ser·

11 4019 77 4092 245
97 4027 274 4110 „Sedare
295 4041 414 4121 potest
440 4035 603 4106 dolorem
626 4035 739 4104 animi
1469 4043 1624 4136 mones),
1731 4091 1736 4098 .

54 4130 303 4208 „Conversus
334 4134 380 4202 ad
410 4135 564 4232 aliquem
593 4137 748 4210 amicum
778 4147 840 4208 aut
866 4145 1004 4208 coaeta·
1106 4138 1161 4211 Ne
1184 4141 1282 4234 quod
1303 4140 1500 4210 insanabile
1522 4144 1655 4212 malam
1682 4140 1790 4210 facias
1812 4161 1914 4208 meae
1937 4136 2042 4207 tiliae.

310 4268 314 4277 ·
424 4239 606 4335 neum¹¹);
1108 4241 1244 4312 Multae
1265 4255 1349 4313 sunt
1371 4244 1594 4314 coniecturae
1617 4239 1723 4314 huius
1744 4254 1872 4326 metus,

51 4333 158 4414 „Sed
184 4359 260 4408 Ποῦ
285 4350 429 4430 oportet
449 4355 609 4434 spectare
637 4345 683 4414 ad
706 4366 816 4414 unam
833 4343 1004 4412 animam·
1055 4341 1131 4419 285
1155 4343 1204 4416 Es
1229 4345 1377 4429 callida,
1403 4359 1439 4416 et
1460 4346 1586 4416 artilex
1605 4345 1802 4416 multorum
1825 4343 2017 4422 malorum,

48 4487 70 4518 „
79 4435 251 4524 Dicunt,
275 4443 373 4534 quod
392 4466 459 4514 nos
475 4445 587 4516 vitam
614 4446 767 4516 otiosam
790 4457 826 4516 et
845 4443 1002 4540 quietam
1105 4447 1214 4518 Dolet
1233 4449 1317 4532 tibi,
1338 4450 1436 4541 quod
1453 4449 1578 4518 orbata
1603 4473 1639 4522 es
1659 4443 1818 4520 thalamo
1839 4445 1960 4518 mariti
1977 4444 2042 4516 tui.

49 4539 272 4620 „Vivamus
293 4542 412 4630 domi,
434 4545 502 4639 ipsi
525 4571 611 4616 vero
635 4561 796 4640 pugnent
817 4543 931 4618 hasta.
1105 4551 1225 4622 Audio
1249 4563 1283 4622 te
1308 4551 1457 4634 minari,
1479 4563 1520 4622 ut
1541 4549 1630 4622 mihi
1651 4551 1831 4636 nuntiant,

4 4633 69 4712 250
93 4643 241 4728 „Male
261 4647 438 4734 sentiunt,
459 4649 543 4746 quia
566 4661 622 4720 ter
643 4653 689 4720 ad
713 4651 876 4743 elypeum
1106 4653 1154 4725 Et
1176 4677 1320 4735 socero,
1341 4666 1376 4722 et
1400 4677 1551 4746 sponso,
1574 4667 1608 4724 et
1628 4669 1761 4748 nuptae

45 4746 193 4828 „Stare
220 4746 366 4834 malim,
391 4777 500 4846 quam
524 4753 632 4826 semel
655 4751 850 4846 parereffl).
1054 4813 1268 4828 ..........

42 4845 117 4920 Sed
143 4873 233 4920 non
259 4851 384 4922 eadem
409 4868 461 4926 est
482 4856 576 4926 ratio
600 4857 644 4926 de
663 4881 720 4926 me
745 4869 780 4925 et
804 4867 849 4924 te.
1088 4909 1688 5044 ”l,}{]1,'3„{⁰','l;',‘²„ffss‘'3;.“⁰‘l¹’
1713 4915 2038 4984 „mqmgfflrm

4 5001 220 5026 -.-...
1134 4999 1151 5048 p
1201 4999 1211 5048 i
1306 5019 1313 5034 ·
1403 5017 1426 5052 η
1602 5023 1608 5038 ·

28 5097 809 5226 ιθῗέὧωὶὶωιοῆμί(Εᾱιῑῑ.ταωιιί.εςυωοιιιηιιε);
824 5106 1003 5178 napum,
1088 5065 1284 5200 Ἇζοῐῶ-ὼιέη
1306 5069 1392 5150 pora.
1413 5071 1506 5136 tm,
1526 5071 1601 5124 rasa.
1626 5079 1692 5126 note
1709 5087 1811 5142 marg:
1838 5073 1981 5123 ttuttemn
1998 5069 2040 5122 tra

136 5209 145 5224 ·
167 5187 187 5238 ‘t

1088 5221 1137 5291 ²⁵)
1155 5219 1266 5289 tunm]
1284 5223 1325 5275 ¹¹⁰
1342 5225 1393 5278 Ed·
1413 5227 1489 5277 1568.
1507 5224 1555 5292 (=
1573 5229 1668 5294 Eurlp.
1687 5224 1779 5296 lestap
1789 5245 1798 5292 ;
1816 5227 1899 5279 nont.
1920 5229 2038 5278 rodente
2149 5293 2156 5312 ἡ

23 5251 73 5320 ²⁰)
105 5257 144 5308 Β·
167 5257 192 5310 ¹·
221 5255 471 5326 insulense,
501 5248 575 5320 ¹³⁶¹ss
608 5269 675 5318 not·
699 5274 805 5330 urs-³
832 5262 1003 5314 ³⁰¹¹⁰t¹¹⁰¹¹¹
1123 5290 1299 5359 armori->3
1317 5294 1365 5346 re
1387 5295 1462 5347 rasa.
1481 5297 1605 5360 purim.

61 5323 258 5378 nlurlmn
274 5339 290 5378 r
375 5327 382 5378 l
403 5365 409 5379 .

22 5407 74 5476 ²¹>
93 5413 133 5466 ¹·
149 5413 171 5466 ¹·
189 5409 225 5462 ¹¹·
244 5339 407 5466 nata
1087 5375 2041 5519 ”ettauttaanastasiam=,aa

25 5491 77 5556 n)
100 5497 139 5547 tl.
160 5495 182 5550 1.
205 5495 235 5547 tn
252 5497 315 5552 llud.
335 5497 416 5552 rato.
435 5501 503 5551 nota
520 5513 622 5570 narn:
641 5505 764 5558 utores
785 5503 941 5558 tullerunt.
1112 5515 1232 5572 ttornn.
