4764 6100
64 185 122 256 ιιι
541 113 662 249 nixu
714 167 1113 250 mrunuuuranio
1137 167 1539 249 lorusuunluruu.
1587 157 1592 176 '
1989 193 2063 266 ooo

62 355 101 430 50
116 349 287 426 Phoebum
303 371 376 422 esse
393 347 555 440 ignorat,
569 373 706 446 neque,
722 373 814 446 quae
830 351 875 422 sit
889 341 1018 436 maten
1123 349 1197 416 ion.
1228 345 1363 418 Currus
1377 347 1583 440 splendidos
1598 359 1854 454 quadrigarum

439 450 554 537 novit,
628 497 633 506 -

96 559 135 648 Ei
147 559 216 650 ipse
233 579 321 649 puer
336 565 502 648 parentes
518 556 642 627 nescii.

1122 449 1184 518 b'ol
1201 448 1273 520 iam
1290 449 1471 521 illuminat
1486 476 1551 546 per
1572 469 1724 544 terram;
1742 459 1758 495 '¹

1097 586 1100 599 ·
1119 547 1330 640 Astravero
1345 549 1499 626 aetheris
1514 558 1755 635 ineendrmtui
1770 565 1857 660 igne
1868 565 1937 640 hoc

93 659 218 732 lovenis
244 659 353 751 igitur
375 657 526 728 existens
550 659 643 728 cirea
667 659 795 751 stipem
819 661 856 729 in
880 659 1013 757 templo
1070 648 1119 723 85
1142 652 1199 724 Ad
1214 672 1354 728 noctem
1371 683 1521 731 sacram.

440 763 561 829 datam

92 864 282 956 Vagabatur
297 864 442 943 ludenst
468 863 533 932 ubi
548 887 635 936 vero
651 863 763 938 evasit
777 867 815 936 in
831 865 963 949 virum,

1118 757 1287 832 Parnassi
1305 785 1391 831 vero
1408 763 1579 836 inaccessi
1599 769 1748 841 vertices

1118 857 1287 933 Illustrati
1305 864 1398 934 diem

91 963 207 1060 Delphi
238 966 356 1059 ipsum
387 967 548 1037 fecerunt
579 957 762 1041 custodem
795 971 875 1040 auri
903 961 1012 1062 ipsius
1118 964 1327 1058 Accipiunt,
1349 963 1555 1044 hominibus
1573 975 1703 1044 inrota
1721 987 1873 1049 vertum.

433 1067 516 1154 Dei,

1116 1065 1146 1135 F
1148 1067 1308 1164 umusffl)
1330 1071 1452 1142 aridae
1468 1072 1637 1168 myrrhae

53 1169 88 1242 55
118 1171 159 1242 Et
180 1173 319 1244 fidelem
341 1184 566 1266 quaestorem
591 1176 772 1258 omnium;
813 1175 851 1243 in
877 1175 1010 1268 templo
1066 1168 1116 1238 90
1140 1167 1180 1240 ln
1196 1172 1335 1266 fastigia
1352 1167 1373 1208 *⁸
1388 1169 1526 1248 Phoebi
1543 1180 1653 1250 volat.

432 1297 519 1344 vero

86 1373 439 1482 Deivivithucusque
456 1373 647 1450 honestam
662 1381 785 1452 vitam.
901 1397 905 1402 '
950 1418 956 1430 ·

84 1481 201 1552 Creusa
219 1505 327 1565 vero,
363 1503 455 1576 quae
479 1495 670 1574 pepererat
691 1481 786 1554 hunc
807 1480 1009 1553 adoleseeit'-

84 1681 188 1756 xulho
204 1684 329 1768 nuato,
355 1595 530 1776 oaiitiiii.
650 1725 653 1735 -
738 1743 741 1752 .

83 1785 156 1858 Erat
168 1783 449 1860 Atheniensibus
466 1803 499 1858 ei
517 1783 822 1874 Chalcodontidis‚
937 1879 947 1889 .

53 1889 160 1984 bllQui
176 1892 367 1962 Euboeam
386 1903 517 1960 terram
537 1887 761 1976 inhabitant,
784 1893 929 1975 bellom,

1116 1273 1247 1344 Mulier
1263 1300 1348 1347 vero
1364 1281 1463 1360 sedet
1474 1283 1523 1351 ad
1539 1305 1678 1356 ssorum
1697 1284 1889 1376 tripodem,

1115 1373 1288 1470 Delphica
1306 1403 1434 1454 canens
1451 1381 1597 1456 Graecis
1614 1390 1772 1472 oracula,

1114 1479 1217 1571 Quae
1231 1479 1362 1574 Apollo
1380 1483 1432 1554 illi
1452 1485 1573 1558 dictat.

1113 1582 1200 1668 Sed,
1227 1610 1248 1654 o
1265 1581 1430 1678 Delphici
1445 1585 1584 1661 Phoebi
1602 1591 1771 1677 ministri,

1063 1679 1112 1754 95
1137 1685 1312 1760 Castaliae
1327 1688 1496 1784 limpidus
1764 1773 1767 1783 ,

1112 1783 1164 1857 Ιιι
1181 1791 1226 1860 ad
1247 1792 1414 1879 vertices,
1439 1819 1529 1886 pura
1548 1819 1633 1865 vero
1651 1819 1744 1892 aqua

1109 1888 1233 1994 Ablpti
1250 1894 1298 1964 ite
1314 1895 1352 1965 in
1371 1899 1557 1989 templum,

87 1991 190 2090 loquo
198 1991 439 2066 Athenienses
449 1995 624 2065 adiuvans
632 2009 667 2064 et
676 1995 865 2066 conficiens
875 1995 1005 2066 bellum
1112 1993 1297 2067 Custodiie
1313 2023 1372 2082 os,
1393 2003 1540 2095 nequid
1560 1997 1685 2070 dicatis
1701 1997 1951 2092 irreligiosum,

428 2093 542 2180 hasta,

81 2196 285 2294 Nuptiarum
303 2199 458 2272 Creusae
473 2199 683 2293 dignitatem
701 2203 849 2294 aceepit,

1061 2093 1134 2166 100
1160 2096 1208 2167 Ει
1222 2101 1425 2174 volentibus
1439 2105 1533 2174 bona
1551 2097 1572 2138 ¹*
1589 2103 1734 2174 oracula
1749 2102 1868 2188 dicite,

1109 2199 1262 2294 Propria
1276 2204 1398 2295 lingua
1415 2207 1611 2278 narrando.

80 2299 151 2374 Cum
183 2317 280 2378 esset
312 2303 531 2396 alienigena,
571 2329 613 2374 ex
637 2303 772 2388 Aeolo,
802 2301 896 2375 lovis
918 2300 1005 2389 lilio,
1107 2299 1183 2374 Nos
1199 2319 1316 2378 autem
1333 2309 1493 2395 labores,
1515 2335 1606 2404 quos
1625 2331 1643 2376 a
1661 2308 1781 2400 pueris

1108 2403 1332 2483 Laboramus
1346 2437 1479 2508 usque,
1509 2411 1620 2482 ramis
1634 2410 1741 2494 lauri,

431 2421 549 2490 natus,

73 2505 198 2581 Genese
222 2505 404 2581 Achaeus.
471 2509 545 2581 Diu
574 2535 668 2582 vero·
690 2511 871 2582 seminans
899 2528 1003 2582 suum

427 2613 557 2684 lectum

37 2705 68 2778 55
88 2709 146 2784 Est
158 2715 238 2787 sine
256 2713 401 2798 liberis,
426 2727 461 2784 ιι
476 2717 552 2810 ipsa
571 2716 723 2788 Creusa:
748 2658 1002 2810 propisrlquae

66 2813 219 2890 Veniunt
236 2819 287 2888 ad
302 2813 371 2888 hoc
386 2820 560 2911 templum
574 2819 753 2912 Apollinis

64 2917 266 3014 Cupiditaie
285 2919 436 3000 sobolis;
461 2923 593 3014 Apollo
609 2947 695 2993 vero
715 2925 899 2996 fortunam

61 3021 132 3094 iluc
157 3023 330 3118 impulit,
353 3035 388 3092 et
402 3047 476 3094 non
493 3038 545 3096 est
568 3027 699 3098 oblitus
720 3025 803 3113 lilii,
824 3039 865 3096 ut
882 3024 1002 3098 existi-

60 3225 164 3300 Dabii
180 3232 286 3301 enim
304 3140 708 3322 ingrediiiiiiiemplum
724 3225 793 3300 hoc

36 3325 56 3398 '0
78 3329 198 3405 Xutho
214 3357 326 3406 suum
342 3331 453 3424 ipsius
468 3333 599 3418 filium,
622 3347 657 3404 et
671 3347 796 3404 natum

57 3429 171 3526 ipsum
188 3463 235 3508 ex
261 3435 326 3506 illo
342 3459 416 3504 esse
439 3437 551 3521 dicet,
573 3449 613 3507 ut
637 3437 784 3507 veniens
807 3436 852 3504 ad
863 3447 999 3508 ,maier-

426 3563 511 3608 nam
528 3541 680 3612 domum

52 3641 326 3736 Agnoscaiura
354 3641 507 3726 Creusa,
535 3656 570 3712 et
594 3657 635 3714 ui
657 3642 805 3736 nuptiae
831 3639 868 3712 iu
887 3639 999 3735 Apol-

421 3745 532 3814 linem

51 3845 224 3922 Occultae
241 3849 335 3933 sint,
359 3861 394 3917 ei
407 3849 499 3918 lilius
516 3844 649 3918 habear
664 3843 944 3926 haereditatem

48 3945 130 4024 lona
146 3979 243 4026 vero
262 3952 402 4045 ipsum,
426 3951 651 4022 conditorem
668 3949 845 4022 Asiaticae
867 3959 997 4032 terrae3

36 4049 46 4122 i
69 4055 207 4130 Vocari
224 4055 337 4126 faciei
350 4078 416 4146 per
432 4054 633 4126 Graeciam.

45 4157 109 4229 Sed
128 4163 196 4232 ibo
214 4161 258 4230 in
277 4159 438 4230 laureum
456 4182 642 4241 secessum,

44 4261 86 4333 Ul
102 4267 149 4338 de
166 4285 293 4360 puero
308 4273 475 4332 eventum
492 4261 638 4332 discam

43 4365 158 4440 Video
178 4368 286 4438 enim
303 4365 542 4458 egredientem
560 4359 740 4454 Apollinis
753 4359 866 4428 lilium
940 4365 943 4372 '

40 4467 164 4558 Hune,
189 4483 236 4543 ut
255 4481 361 4538 ornet
378 4481 505 4561 portas
517 4479 598 4536 ante
615 4463 789 4556 templum

36 4579 40 4634 l
76 4573 199 4648 Lauri
224 4572 358 4654 ramis;
385 4595 519 4641 nomen
544 4591 651 4650 vero,
678 4565 778 4659 quod
800 4563 995 4654 adepturus

420 4685 493 4758 est,

38 4777 189 4868 lenem,
217 4802 290 4870 ego
307 4775 444 4869 primus
458 4775 609 4846 nomino
625 4769 786 4842 Deorum
796 4765 857 4862 ⁵²).

36 5087 66 5146 ἱ)
85 5086 231 5142 oecnnu
249 5107 286 5121 -··
303 5081 432 5134 Deorum.
451 5083 508 5142 (ve.
527 5079 558 5128 el
570 5075 686 5132 -etll
705 5071 747 5122 eis
763 5071 814 5126 Ed.
835 5069 925 5133 ibit&
943 5069 993 5120 liei.

53 5159 181 5278 15ῗξιξιι
202 5219 355 5274 exoriente
372 5219 433 5269 sole
451 5219 598 5274 osbearn,

85 5299 186 5346 Vries
206 5289 421 5354 ingrediebatur
442 5286 572 5348 tempium
588 5281 649 5332 liei.

86 5365 198 5414 Visum
216 5367 293 5408 vero
309 5355 460 5407 admovens
478 5363 563 5417 puero
580 5349 690 5408 innati,
806 5389 823 5400 ..

85 5435 286 5490 Admirantur,
300 5425 325 5476 si
344 5434 415 5488 quae
433 5421 566 5484 Delphina
583 5429 654 5474 rue
670 5417 768 5470 muller

36 5535 174 5584 luam.
201 5513 317 5607 Orus.
341 5507 428 5570 Vou.
450 5505 576 5568 xviii.

1057 2592 1290 2610 m—

1161 2709 1369 2768 cieudestluun
1386 2713 1496 2775 pertun
1514 2711 1543 2764 ln
1560 2711 1612 2763 liei
1629 2711 1766 2776 prolicere
1785 2711 1905 2775 ionum,

1160 2783 1242 2832 Uitru
1258 2793 1328 2832 vero
1347 2781 1432 2834 lluaeu
1450 2793 1600 2833 secernere
1619 2783 1717 2845 euplus
1737 2783 1807 2836 eret.

1159 2851 1342 2902 Miseretlone
1360 2853 1451 2903 sutem
1469 2851 1562 2902 umuli
1579 2852 1788 2906 crudelitatem.
1805 2855 1834 2901 et
1851 2853 1926 2902 Dens

1157 2919 1276 2970 Adiutor
1294 2923 1356 2970 eret
1374 2933 1477 2986 puero,
1495 2935 1531 2972 ue
1549 2919 1697 2970 eiiceretur
1714 2934 1730 2972 e
1749 2921 1837 2971 domo.

1157 2987 1217 3036 siit
1233 2999 1302 3038 vero
1319 2989 1410 3051 ipsum
1428 2991 1583 3052 aecipiens3
1604 2989 1783 3040 seminantem
1802 3001 1868 3040 vero

1157 3057 1281 3106 Neseivit
1299 3057 1451 3123 Phoebum,
1469 3070 1558 3120 neque
1575 3059 1706 3122 matrem,
1724 3059 1801 3109 cuius
1820 3063 1906 3118 esset,

1070 3173 1073 3181 ,
1156 3127 1193 3174 ut
1210 3125 1271 3188 lpse
1288 3137 1357 3188 puer
1374 3128 1505 3186 pereutes
1522 3127 1619 3176 nescit.

1156 3194 1268 3245 iuvenis
1281 3195 1374 3258 neom
1386 3194 1527 3260 existens,
1539 3194 1614 3245 circs
1626 3205 1674 3259 es,
1688 3206 1757 3258 quoe
1771 3195 1804 3244 de
1818 3203 1870 3249 ere
1883 3194 2038 3262 veniebeut,

1463 3265 1594 3313 elimenta

1156 3333 1308 3382 Ferebatur
1325 3331 1464 3396 iusituus3
1482 3334 1513 3382 ut
1530 3343 1598 3382 vero
1616 3331 1741 3382 florevit
1756 3343 1884 3396 oomore,

1155 3401 1253 3464 Delphi
1272 3403 1362 3464 ipsum
1379 3403 1546 3452 creaverunt
1564 3401 1704 3450 custodem
1721 3401 1784 3450 euri
1801 3399 1888 3462 ipsius
1906 3403 1967 3468 liei,

1156 3471 1193 3522 iit
1210 3475 1385 3534 quaestorem
1401 3469 1509 3522 stelen
1527 3470 1654 3522 annium.
1689 3469 1719 3520 iu
1737 3470 1846 3532 templis
1864 3483 1933 3524 vero

1155 3539 1207 3589 Dei
1225 3539 1296 3589 vivit
1312 3539 1355 3589 blo
1373 3553 1484 3602 semper
1500 3542 1626 3590 sanetum
1642 3539 1738 3592 vitum.

1155 3607 1263 3660 creusa
1279 3619 1364 3674 vero,
1382 3619 1453 3672 quse
1469 3609 1616 3673 pepererat
1634 3609 1704 3660 buno
1722 3607 1933 3676 adolescentem,

1155 3679 1249 3728 Xutho
1267 3677 1360 3742 nublt,
1378 3688 1395 3727 a
1413 3679 1463 3727 tuli
1480 3689 1557 3732 esso.

1154 3748 1217 3797 iirit
1233 3747 1347 3796 alienis
1363 3749 1391 3796 et
1409 3745 1646 3806 Chalcidensibus,

1156 3817 1207 3878 Qui
1226 3821 1328 3866 terram
1346 3815 1500 3866 inhabitent
1517 3817 1672 3875 Euboeam,
1692 3813 1800 3866 hostilis
1821 3817 1919 3866 motus.

1155 3886 1234 3946 Quod
1252 3896 1307 3934 une
1323 3887 1485 3950 peries-ens,
1505 3889 1533 3936 et
1549 3897 1726 3948 compescens
1744 3887 1835 3948 besta,

1151 3954 1313 4016 Nuptiarum
1332 3955 1456 4006 creuere
1471 3955 1631 4022 dignitatem
1648 3953 1763 4018 aceepit,

1152 4025 1213 4076 Nou
1231 4023 1345 4087 gentilla
1363 4025 1502 4089 existens,
1518 4023 1598 4074 Aeoli
1616 4023 1665 4072 tilii
1683 4021 1768 4086 lovis,

1153 4093 1208 4144 Sed
1225 4091 1347 4144 existens
1364 4093 1497 4145 Aobeeus.
1531 4093 1682 4142 Diuturuos
1701 4101 1769 4140 veru
1787 4089 1927 4142 semineus
1943 4093 2031 4144 lectos

1151 4161 1262 4214 Liberis
1278 4163 1356 4212 oeret
1374 4161 1482 4224 etipse
1500 4161 1623 4219 creusa,
1640 4171 1754 4222 quemn
1771 4159 1861 4224 gretie

1151 4231 1275 4280 Veniunt
1294 4229 1330 4278 sd
1347 4227 1479 4278 vetlelnls
1494 4229 1631 4291 Apollinis
1648 4231 1727 4289 baeu,

1151 4301 1253 4349 Amore
1269 4309 1424 4362 puerorum.
1459 4297 1559 4358 spolio
1576 4308 1644 4346 vero
1660 4297 1731 4348 buno
1749 4305 1841 4362 ossum

1151 4369 1194 4418 Αιι
1211 4369 1263 4418 boe
1280 4366 1421 4431 producit,
1438 4378 1528 4428 usque
1544 4367 1707 4430 ignoretur,
1724 4367 1755 4415 ut
1772 4363 1920 4418 extenuet.

1151 4437 1235 4488 Dubii
1250 4435 1321 4486 enim
1339 4434 1505 4499 ingredienti
1527 4435 1657 4498 templum
1673 4433 1725 4486 boe
1853 4429 1856 4440 '
1920 4432 1923 4441 '

1152 4506 1245 4573 Xutho
1262 4517 1341 4555 suum
1358 4503 1446 4567 ipsius
1464 4503 1565 4568 fllium,
1583 4505 1612 4552 et
1626 4505 1719 4556 ustum

1150 4573 1229 4624 lilius
1257 4575 1343 4638 ipsura
1366 4573 1506 4636 dicturus,
1530 4571 1629 4624 matris
1653 4573 1682 4622 ot
1705 4571 1845 4633 proiectus
1869 4573 1902 4624 sd
1922 4573 2029 4624 domare

1151 4645 1324 4707 Agussustur
1342 4655 1360 4693 ι
1377 4641 1499 4704 Creusa,
1516 4643 1599 4704 utque
1616 4639 1700 4692 etism
1717 4643 1748 4690 ut
1765 4641 1876 4704 nuptiae
1892 4643 2029 4708 Apollinis

1152 4713 1283 4763 oronites
1299 4710 1370 4772 sint,
1389 4707 1506 4760 stulius
1527 4711 1626 4760 babeat
1643 4709 1849 4762 haereditatem.

1151 4779 1218 4831 iona
1233 4791 1302 4830 vero
1320 4779 1426 4842 ipsum,
1441 4779 1609 4830 conditorem
1628 4777 1768 4828 Asiaticae
1787 4781 1890 4842 terrae,

1151 4849 1266 4900 Nomine
1282 4847 1419 4898 nominari
1435 4847 1518 4898 isoiet
1535 4861 1583 4910 per
1601 4843 1755 4902 Graeciam.

1150 4917 1206 4968 sei
1225 4917 1251 4966 ln
1270 4918 1321 4970 bos
1338 4917 1451 4968 isoreoe
1464 4929 1596 4966 assessus
1614 4915 1766 4980 ingrediar,

1150 4987 1263 5036 Festum
1281 4989 1313 5035 ut
1328 4997 1477 5052 egressam
1494 4997 1513 5034 s
1529 4997 1623 5045 puero.

1149 5053 1237 5104 video
1254 5054 1327 5106 enim
1345 5055 1528 5114 egredientem
1546 5053 1633 5116 ipsum
1651 5051 1787 5116 apollinis
1804 5051 1885 5102 fliium

1148 5123 1242 5182 itone,
1264 5125 1295 5172 ut
1311 5127 1376 5173 unte
1394 5125 1521 5186 tempium
1538 5121 1680 5186 splendide
1697 5123 1780 5171 iaciat
1797 5121 1931 5171 vestibula

1148 5191 1236 5242 Lauri
1252 5191 1346 5242 remis.
1380 5191 1485 5243 Nomen
1503 5201 1587 5254 vero,
1605 5191 1676 5254 quod
1692 5191 1841 5254 saeptum·
1859 5193 1911 5250 est,

1148 5257 1240 5310 lunen
1261 5271 1313 5324 ego
1330 5261 1435 5324 primas
1452 5259 1562 5310 nomino
1579 5259 1706 5312 ileoruau.

1077 5339 1323 5477 ”loigpnopgnegp
1339 5345 1391 5400 Et.
1411 5345 1487 5398 iubs.
1505 5347 1533 5394 ιι
1549 5347 1681 5408 reuertts
1699 5343 1750 5398 se.
1770 5345 1845 5398 ¹⁵⁶2.
1863 5345 1959 5398 nerto
1978 5349 2026 5408 ty-

1112 5427 1129 5477 p
1184 5427 1207 5464 .:
1321 5448 1328 5463 .

1419 5483 1469 5552 63
