4748 6108
224 189 235 202 “
352 205 428 280 sar
705 157 748 232 '·
931 195 1056 274 ran.
1089 199 1203 278 nun.
1236 203 1441 282 sunere
1473 212 1816 292 rnnouoorcn

355 375 430 452 800
455 371 654 444 coetestem
673 390 866 450 coronam,

404 474 674 566 pinguibusque
691 472 798 540 decus
812 465 981 563 Athenis)

403 577 462 646 Tu
478 575 659 669 profectus
674 595 711 644 es
727 594 808 642 cum
825 571 1043 644 arcitenente

402 678 576 760 Hercule,
599 673 708 748 simul
721 697 798 744 rem
817 687 997 765 gesturus,

401 782 601 852 Eversurus
620 775 745 860 llium,

353 882 427 956 805
454 883 591 954 Urbem
610 893 792 960 nostram,

400 992 537 1069 Antea,
565 985 709 1079 quando
728 977 857 1050 venisti
872 1003 914 1050 ex
929 978 1098 1066 Graecia;

651 1102 968 1194 [antistrophe
996 1101 1054 1192 1.]

402 1227 556 1324 Quando
573 1219 722 1292 adduxit
735 1218 916 1312 principio
935 1219 1109 1292 Graeciae

400 1331 535 1412 Decus,
562 1325 793 1396 defraudatus
810 1321 932 1415 equis,

400 1433 448 1504 Et
465 1434 509 1500 ad
524 1432 594 1500 late
612 1427 780 1496 fluentem
798 1423 981 1496 Simoenta
1001 1447 1129 1496 navem

350 1537 424 1610 810
450 1531 583 1606 Statuit
597 1528 795 1610 marinam,

395 1638 443 1710 Et
458 1633 643 1726 suspendit
657 1631 825 1700 rudentes
840 1628 1036 1720 puppium,

396 1741 442 1810 Et
460 1737 590 1808 exemit
605 1759 647 1805 es
661 1731 813 1802 navibus
828 1730 973 1822 sagittas

324 1872 334 1893 ¹
397 1836 638 1911 Laomedonti
654 1834 798 1916 letales,

396 1943 441 2014 Et
459 1939 626 2011 aedificiis
641 1934 825 2007 exstructis
843 1935 964 2024 regula
981 1931 1131 2004 Phoebi.

346 2043 421 2122 815
447 2044 541 2136 lgnis
557 2063 643 2110 vcro
660 2038 811 2131 punicea
830 2035 976 2106 flamma

280 2177 283 2182 ·
393 2148 534 2218 Evertit
550 2143 733 2236 regionem
752 2139 900 2210 Troiae.
977 2192 983 2204 .

391 2251 454 2320 Bis
471 2249 608 2320 duabus
622 2243 738 2315 ruinis
757 2240 901 2310 moenia

396 2353 498 2424 Circa
514 2349 666 2420 Troiam

393 2455 549 2524 Cruenta
566 2469 687 2544 pugna
710 2445 849 2516 evertit.

677 2555 904 2666 [Strople
929 2557 995 2659 2.]

341 2697 416 2772 820
441 2691 588 2762 Frustra
609 2685 738 2778 igitur,
766 2709 788 2753 o
806 2681 845 2750 in
860 2680 978 2751 aureis

391 2787 686 2866 Pocillationibus
703 2785 860 2856 molliter
875 2785 1043 2854 incedens

389 2891 648 2972 Laomedontis
670 2889 740 2974 fili,

387 2999 483 3071 lovis
497 2995 607 3068 habes
624 2989 830 3088 calicumffl)

386 3101 654 3197 impletionem,
681 3089 965 3190 pulcherrimum
986 3085 1153 3158 officium.

336 3205 412 3290 825
437 3207 531 3280 Nam
547 3225 639 3298 quae
654 3212 688 3270 te
705 3195 829 3291 genuit
843 3191 976 3274 Troia,

386 3309 470 3403 lgne
486 3305 701 3378 incenditur.

385 3411 527 3482 Littora
541 3407 683 3478 marina
699 3399 877 3473 su‘stineut
887 3393 954 3490 u‘),
981 3403 1156 3485 quantum

383 3513 496 3582 Filius
513 3534 579 3600 pro
598 3504 807 3598 parentibus
825 3499 967 3566 clamat.

336 3616 412 3688 880
438 3611 540 3682 Aliae
557 3609 713 3676 clamant
731 3601 893 3681 maritos,

386 3716 488 3787 Aliae
504 3711 656 3792 liberos,
683 3706 773 3776 aliae

386 3819 522 3890 Matres
539 3835 651 3884 senes.

385 3923 466 3992 Tua
486 3941 570 3987 vero
589 3911 710 3983 rorida
726 3909 891 3985 lavacra,

383 4023 432 4096 Et
448 4016 718 4116 gymnasiorum
739 4031 862 4080 cursus
879 4001 1074 4095 perierunt.

335 4123 410 4202 885
436 4125 496 4194 Tu
514 4144 599 4192 vero
614 4115 806 4187 iuvenilem
821 4109 947 4180 faciem

384 4219 633 4318 venusureffi)
649 4219 745 4312 apud
761 4213 855 4284 Iovis
872 4211 990 4282 sedem

383 4329 526 4402 Placide
546 4323 621 4394 alis.

382 4429 521 4502 Priami
537 4448 623 4497 vero
641 4435 777 4491 terram

384 4533 521 4605 Graeca
538 4523 695 4621 perdidit
707 4541 840 4615 pugna.

621 4636 944 4742 [Antistroplsc
970 4623 1033 4726 8.]

334 4769 409 4844 840
439 4723 620 4845 ὸΑῐηοτ,

381 4871 454 4964 Qui
470 4869 516 4937 ad
532 4863 683 4934 Troiam
702 4859 790 4931 olim
806 4851 935 4926 venisti

378 4971 454 5042 Diis
473 4991 579 5038 curae
598 4964 773 5043 existens,

329 5093 535 5114 μ

361 5139 410 5206 bt)
436 5136 565 5195 caticum]
589 5131 631 5184 stc
652 5127 702 5179 Ed
723 5123 799 5174 lass.
824 5117 874 5184 (=
967 5194 974 5208 ι

398 5209 485 5258 contr
509 5195 700 5267 poculorum),
724 5192 775 5243 lid.
795 5188 871 5239 1862.
888 5183 975 5233 mdc.
999 5178 1126 5230 culicum.

1453 384 1572 478 Quam
1590 400 1667 458 tum
1684 391 1872 482 magnifice

1452 486 1603 558 Troiam
1625 493 1807 578 exaltasti,
1832 519 1913 566 cum
1935 496 2013 572 Diis

1402 583 1477 660 845
1504 590 1725 664 Affinitatem
1743 596 1904 688 iungens.

1450 689 1545 763 lovis
1561 693 1683 789 itaque

1448 794 1630 868 Probrum
1648 823 1722 868 non
1737 799 1893 891 amplius
1909 801 2037 874 dicam.

1450 897 1715 994 Candidae⁵⁴²)

1449 999 1607 1098 Diei'ffi),
1633 1017 1755 1094 gratae
1773 998 1982 1079 hominibus

1400 1095 1474 1172 850
1500 1103 1639 1174 Lumen
1656 1106 1803 1176 noxium

1448 1205 1549 1275 Vidit
1562 1221 1724 1278 nostram
1740 1221 1893 1291 terram,
1919 1207 2008 1278 vidit

1446 1309 1706 1400 Pergamorum
1727 1310 1893 1394 exitium,

1446 1410 1592 1482 Habeas

1444 1512 1499 1582 Ex
1515 1508 1691 1584 basterna
1706 1514 1876 1584 maritum
1891 1513 1929 1581 in
1945 1507 2128 1598 thalamis,
2150 1539 2242 1607 quern

1396 1609 1470 1686 855
1495 1615 1685 1688 Astrorum
1702 1616 1935 1709 quadriiugus
1950 1616 2069 1686 avexit

1442 1717 1581 1789 Aureus
1599 1743 1724 1790 currus
1736 1719 1880 1810 rapiens

1442 1820 1550 1911 Spem
1568 1821 1709 1914 patriae

1443 1923 1624 2015 Magnam.
1676 1922 1838 1994 Deorum
1862 1946 1947 1992 vero

1440 2026 1591 2100 Amores
1607 2027 1753 2097 fuerunt
1769 2025 1913 2096 inutiles
1929 2022 2076 2096 Troiae.

1418 2157 1691 2258 [Menelaus,
1718 2164 1913 2245 Hecuba,
1941 2163 2125 2246 Helena,
2153 2149 2302 2250 Gloria]

1391 2280 1466 2354 860
1491 2283 1589 2352 Men.
1617 2280 1651 2352 Ο
1667 2281 1826 2352 lucidum
1843 2279 1949 2351 iubar
1968 2279 2072 2364 solis,

1440 2379 1479 2450 ln
1497 2407 1569 2476 quo
1587 2409 1734 2454 uxorem
1752 2407 1869 2452 meam
1887 2384 2027 2473 capiam

1439 2483 1609 2553 Helenam
1623 2513 1631 2566 ;
1658 2483 1716 2555 bic
1732 2485 1841 2569 enim,
1868 2485 1932 2578 qui
1947 2487 2102 2554 multum
2118 2477 2266 2559 laborari,
2282 2497 2319 2562 ego

1438 2585 1622 2657 Menelaus
1638 2613 1736 2673 sum,
1765 2601 1799 2657 et
1816 2585 1874 2656 bic
1890 2599 1942 2657 est
1961 2586 2134 2657 exercitus
2149 2579 2319 2656 Achivorum.

1437 2688 1530 2758 Veni
1553 2704 1671 2760 autem
1700 2693 1746 2760 ad
1768 2691 1917 2760 Troiam
1946 2713 2040 2771 non,
2078 2683 2318 2780 quemadmodum

1798 2804 1948 2884 putant,

1359 2921 1361 2939 ¹
1388 2888 1462 2964 865
1488 2891 1649 2964 Mulieris
1674 2917 1805 2974 causa;
1854 2897 1915 2964 sed
1947 2909 2098 2986 propter
2129 2895 2250 2970 Vllum*
2284 2877 2319 2972 qui

1792 3021 1943 3066 ersmers

1435 3099 1592 3172 Aedibus
1609 3099 1794 3190 coniugem
1811 3099 1918 3168 fallax
1933 3095 2063 3190 hospes
2081 3097 2207 3192 rapuit.

1434 3199 1495 3274 llle
1512 3226 1609 3294 nunc
1623 3201 1723 3270 dedit
1739 3223 1895 3294 poenam
1912 3200 1991 3271 Deo
2007 3205 2172 3285 volente,

1434 3305 1479 3374 Et
1494 3305 1569 3399 ipse
1584 3318 1619 3374 et
1634 3304 1751 3395 patria
1769 3303 1884 3373 Marte
1899 3305 2055 3396 collapsa
2072 3295 2276 3376 Graecanico.

1433 3407 1549 3479 Venio
1571 3431 1657 3476 vero
1683 3431 1780 3476 nunc
1802 3407 1907 3476 istam
1933 3405 2138 3477 Lacaenam
2165 3407 2243 3500 (non
2260 3385 2316 3459 enin
2348 3471 2349 3484 ,

1792 3509 1945 3578 libenter
2348 3563 2349 3580 2

1382 3611 1458 3684 870
1482 3611 1623 3682 Nomen
1639 3613 1773 3694 uxoris,
1800 3635 1891 3705 quae
1908 3613 2093 3705 quondam
2110 3612 2187 3693 luit,
2211 3587 2317 3695 appele)

1431 3713 1675 3791 Abductnrus;
1703 3715 1741 3783 in
1755 3711 1822 3782 hac
1838 3713 1932 3782 enirn
1949 3717 2060 3785 domo
2079 3739 2158 3785 cum
2174 3697 2290 3799 captivli

1431 3818 1701 3886 Annumeratur
1720 3817 1798 3885 aliis
1814 3815 1983 3885 Troianis
2000 3817 2216 3887 mulieribus.

1431 3916 1501 4010 Qui
1520 3917 1614 3986 enim
1632 3941 1710 3986 eam
1727 3933 2031 4009 recuperaverunt
2044 3921 2159 4002 bello,

1429 4019 1614 4092 Dederunt
1625 4016 1713 4088 mihi
1726 4019 2025 4102 interficiendam
2041 4025 2118 4092 sive
2127 4041 2196 4089 non
2205 4005 2315 4080 occidet⁵

1379 4119 1453 4192 875
1486 4121 1603 4192 Velim
1637 4145 1716 4192 earn
1753 4123 1928 4192 abducere
1962 4125 2096 4196 iterum
2128 4127 2166 4194 in
2195 4114 2317 4208 Argium

1793 4237 1939 4298 terram.

1427 4321 1519 4396 Mihi
1534 4349 1620 4396 vero
1636 4327 1817 4398 decretum
1835 4341 1887 4399 est
1903 4329 1978 4400 eius
1994 4355 2119 4404 necem
2136 4328 2192 4400 hic

1427 4427 1621 4514 Omittere,
1645 4431 1705 4501 sed
1723 4425 1853 4500 vehere
1872 4456 1951 4501 eam
1969 4431 2056 4502 navi

1426 4527 1468 4600 ln
1483 4525 1690 4618 Graeciam,
1717 4533 1818 4602 stibi
1834 4553 1913 4602 eam
1928 4537 2015 4604 dare
2033 4525 2286 4606 interminatam

1426 4633 1499 4704 Pro
1522 4657 1638 4728 poena
1664 4635 1727 4719 iis,
1772 4637 1834 4730 qui
1864 4637 1999 4707 mortui
2029 4639 2103 4710 sint
2129 4632 2216 4730 apud
2239 4620 2320 4692 lllffll’

1782 4761 1916 4810 amrcrs.

1406 4936 1454 5002 bt)
1470 4935 1641 5020 yconomo]
1659 4937 1701 4989 sic
1712 4937 1812 5002 scripsi
1827 4945 1877 5000 (ε
1885 4941 1979 5006 iiorip.
1993 4939 2114 5012 κάμῃς
2130 4943 2219 4993 item:
2234 4915 2320 4979 onias

1442 5009 1519 5058 Fen:
1544 5007 1684 5070 hstium
1707 5009 1792 5062 ltditt.
1805 5011 1898 5076 1888,
1918 5012 1995 5065 1562,
2015 5013 2177 5066 vongum,

887 5113 982 5175 Eurip.
1003 5107 1137 5171 saltuum
1170 5107 1254 5159 scits.
1277 5119 1324 5158 ra·
1408 5090 1480 5157 l⁵⁴¹)
1499 5093 1655 5152 Candidos]
1673 5091 1715 5142 sic
1732 5093 1834 5156 scripsi
1853 5088 1961 5160 (Eurip.
1984 5095 2179 5162 κωπήρης
2197 5085 2258 5140 lix-2
2274 5077 2319 5120 ‘¹⁸‘

1441 5160 1511 5210 didis
1527 5159 1582 5210 slis
1601 5160 1783 5226 instructae);
1809 5163 2003 5234 astitisse,
2025 5167 2099 5218 1562.
2118 5153 2236 5214 Candide.

364 5277 400 5330 sa
431 5272 585 5329 serenent]
610 5266 652 5316 nc
670 5261 757 5316 arist.
775 5255 864 5316 rats..
890 5249 965 5300 ¹⁶⁶2
990 5245 1038 5310 (--
1063 5248 1113 5298 no.
1137 5245 1222 5296 surr.
1248 5241 1323 5294 isar.
1406 5243 1454 5308 ss)
1473 5243 1550 5305 nist]
1574 5245 1634 5294 auro
1656 5245 1719 5294 voci
1743 5247 1770 5296 n
1796 5259 1882 5313 marg.
1901 5249 1985 5302 narce.
2007 5251 2096 5315 asse,
2123 5243 2192 5297 isse.
2215 5217 2319 5285 ,aurs

410 5343 513 5409 epam
530 5341 625 5398 narn„
645 5335 766 5392 mongus
787 5324 913 5392 togor-
926 5317 1097 5380 exclaumnt3
1118 5313 1192 5366 Fixa
1210 5304 1324 5380 toxoic'

396 5435 432 5450 -
452 5407 593 5462 tuomet.

1441 5317 1487 5364 cst
1503 5311 1661 5364 annotatio:
1687 5311 1766 5364 Dicin
1785 5326 1835 5376 pro
1851 5319 1963 5370 Aurora
1981 5321 2063 5382 dixit,
2086 5316 2129 5368 eui
2145 5305 2246 5364 uerita!
2260 5283 2318 5350 suti·

1441 5383 1486 5430 tur
1505 5381 1645 5433 Tithonus.
1692 5403 1700 5412 -
