4738 6090
72 245 144 328 305
561 239 647 334 LV.
690 241 1090 322 mranrnu'rarto
1116 248 1348 324 HECUBAE
1375 249 1628 326 EURIPIDIS.

2039 258 2123 342 000

112 429 194 500 Iler.
222 421 272 496 Ut
285 415 416 492 hedera
434 415 605 515 quercui,
625 399 681 492 xsic
696 413 781 492 huic
796 414 1013 494 adhaerebo.
1118 419 1195 498 455
1219 423 1350 507 Olux;
1381 425 1519 520 alloqui
1537 426 1634 496 enim
1650 439 1752 499 tuum
1768 452 1907 500 nomen
1918 429 2004 502 licet
2017 427 2122 508 mihi.

116 530 170 599 ut.
195 527 255 599 An
270 549 348 596 non
364 522 632 616 obtemperabis
646 535 682 593 te
697 524 1001 616 sapientioribus?

64 627 137 704 400
161 633 243 704 Iler.
277 627 381 700 IIanc
413 625 563 721 quidem
593 626 718 698 volens
747 627 861 698 tiliam
897 653 973 700 non
1010 629 1065 701 di-

479 729 637 802 mittam.

112 837 168 910 ut.
193 835 264 908 Sed
279 855 398 930 neque
414 855 480 926 ego
501 830 619 926 ipsam
641 827 735 904 hanc
758 834 848 904 abeo
873 827 933 906 hic
954 835 1063 908 relin-

474 959 601 1030 quens.

1167 528 1229 603 Nil
1246 524 1338 600 mihi
1352 519 1396 599 de
1414 542 1449 600 te
1467 530 1581 623 partis
1603 541 1674 616 est,
1700 530 1772 604 nisi
1788 546 1964 626 quantum
1980 545 2122 630 tempo·

1532 634 1583 704 ris
1600 635 1647 702 ad
1660 634 1819 726 gladium

1166 731 1297 806 Incedo
1312 733 1449 806 interea
1468 747 1503 806 et
1520 736 1699 808 tumulum
1715 731 1878 812 Achillis.

1165 843 1249 912 IIec.
1261 838 1343 910 Heu
1354 835 1463 908 mihi!
1479 839 1617 925 delicio,
1632 841 1824 912 solvrmtur
1838 836 1929 912 mihi
1943 843 2119 920 membra.

1165 944 1200 1014 Ο
1215 945 1312 1026 lilia,
1339 943 1475 1035 attinge
1491 955 1665 1027 matrem,
1692 945 1841 1016 extende
1856 969 2026 1032 manum,

107 1041 182 1112 rot
208 1035 328 1112 Mater
344 1035 503 1110 ausculta
519 1032 630 1122 mihi,
657 1049 692 1108 et
710 1049 769 1121 tu,
794 1035 846 1108 fili
862 1033 1025 1128 Laertie,
1114 1048 1191 1125 440
1217 1046 1294 1133 Da,
1319 1071 1366 1118 ne
1383 1047 1567 1142 relinquas
1582 1071 1640 1116 me
1655 1049 1782 1118 orbam
1797 1047 1938 1130 libetis,
1963 1049 2070 1143 perii,
2093 1073 2116 1121 o

108 1141 274 1214 Concede
289 1140 500 1238 parentibus
516 1141 595 1212 iure
613 1139 803 1211 commotis
818 1142 866 1214 ad
881 1141 988 1218 irann

106 1245 167 1317 Tu
186 1269 295 1332 vero,
322 1271 344 1316 o
361 1245 511 1328 misera,
537 1267 618 1314 cum
638 1243 844 1336 potentibus
861 1269 909 1316 ne
925 1269 1060 1340 pugna.

66 1344 131 1426 405
155 1345 216 1418 An
232 1349 286 1420 vis
303 1351 430 1420 cadere
447 1346 487 1418 in
504 1358 660 1430 terram,
687 1369 728 1416 ac
743 1347 905 1420 sauciare
922 1361 1026 1422 tuum

110 1451 393 1544 deuderemus,
418 1473 483 1544 per
500 1448 575 1518 vim
590 1447 784 1541 protensa?

111 1553 154 1622 Et
170 1554 377 1626 indecenter
391 1551 539 1624 tractari
557 1575 578 1620 a
597 1551 747 1624 iuvenili
761 1547 912 1624 brachio

109 1656 199 1727 Male
220 1654 397 1732 tractata?
436 1677 529 1752 quae
560 1653 709 1746 patiaris
740 1667 780 1723 tu
811 1679 1056 1752 nequaquam.

460 1755 545 1828 Non
559 1757 656 1826 enim
672 1759 785 1828 decet.

1525 1174 1673 1222 amrcae.

1161 1255 1220 1330 Sic
1234 1251 1561 1324 Lacedaemoniam
1580 1277 1743 1324 sororem
1759 1249 1999 1323 Geminorum

1162 1360 1338 1430 Helenam
1355 1358 1511 1428 videam.
1562 1356 1635 1426 Per
1650 1351 1820 1449 pulchros
1835 1354 1931 1426 enim
1948 1354 2074 1427 oculos

1119 1476 1128 1510 ι
1161 1461 1387 1556 Turpissime
1402 1459 1556 1532 Troiam
1572 1459 1667 1554 cepit
1680 1458 1832 1532 felicem.

1454 1608 1620 1712 oo...
1648 1605 1702 1710 1·]
1711 1609 1794 1732 u,

974 1791 977 1800 .
1103 1739 1109 1746 “
1159 1737 1259 1808 Cher.
1287 1731 1323 1804 Ο
1339 1755 1448 1818 aura,
1469 1733 1612 1804 marina
1632 1755 1740 1817 aura,

117 1855 338 1932 Sedochara
355 1852 445 1927 mihi
459 1872 576 1928 mater
593 1858 836 1932 dulcissimam
853 1835 1005 1934 manum
1108 1833 1186 1913 445
1213 1837 1316 1932 Quae
1332 1836 1567 1930 P⁰¹¹Ilssf2d³⁵
1582 1848 1707 1929 1²⁰1Ias

84 1960 141 2036 Ilo
162 1963 331 2057 Porrige,
357 1973 393 2032 et
406 1985 534 2054 genam
552 1961 659 2055 iunge
676 1985 810 2054 genae,

123 2067 290 2160 Quoniam
310 2089 498 2160 nunquam
522 2064 674 2151 iterum,
707 2067 770 2135 sed
794 2089 892 2134 nunc
917 2078 1056 2160 postre-

471 2191 570 2238 mum

105 2353 109 2360 Ι
128 2267 240 2346 locem
257 2271 502 2366 circulumque
517 2269 602 2342 solis
619 2268 829 2364 adspiciam.

122 2373 231 2448 finem
246 2375 368 2470 accipe
381 2373 456 2444 iam
471 2397 634 2444 meorum
652 2372 931 2468 colloquiorum.

122 2477 294 2564 Omater,
320 2501 412 2574 quae
428 2501 486 2548 me
502 2476 691 2570 peperisti,
717 2479 808 2548 abeo
826 2479 873 2547 ad
889 2476 1035 2550 inferos.

83 2578 139 2654 415
159 2587 238 2656 Her.
265 2581 409 2666 Ohlia,
434 2605 501 2652 nos
515 2603 602 2650 vero
619 2579 658 2649 in
673 2580 751 2650 luce
765 2579 973 2654 serviemus.

117 2688 181 2760 Pol.
204 2683 341 2780 Expers
357 2681 550 2776 connubii,
575 2707 701 2777 expers
719 2686 949 2776 nuptiarum,
977 2685 1056 2780 qui·

470 2786 537 2858 hus
554 2810 613 2856 me
629 2787 866 2858 conveniebat
882 2788 1005 2882 potiri.

114 2897 190 2966 nee.
211 2889 419 2964 Miseranda
433 2901 473 2960 tu
485 2888 572 2970 lilia;
588 2889 711 2960 infelix
726 2915 813 2960 vero
830 2915 896 2983 ego
913 2889 1056 2963 mulier.

113 2997 181 3068 Pol.
206 2993 283 3065 Illic
300 3017 387 3064 vero
405 2993 502 3086 apud
517 2992 666 3064 inferos
682 2993 804 3063 iacebo
823 2993 957 3088 absque
971 3007 1020 3068 te.

110 3101 187 3172 fiee.
212 3095 283 3168 IIei
296 3093 402 3168 mihi!
423 3095 510 3190 quid
524 3094 680 3166 faciam?
702 3096 765 3168 ubi
779 3095 904 3166 finiam
920 3095 1057 3169 vitam?

71 3199 133 3278 400
157 3203 232 3276 Pol.
260 3201 371 3273 Serva
386 3197 544 3284 moriar,
570 3211 673 3290 patre
690 3223 770 3270 cum
787 3200 855 3271 sim
869 3200 996 3276 libero.

109 3309 187 3378 1120.
213 3303 291 3378 Nos
306 3326 392 3373 vero
408 3300 670 3397 quinquaginta
689 3303 798 3372 orbae
814 3325 900 3374 sane
921 3303 1056 3376 liberis.

106 3409 180 3482 Pol.
206 3407 307 3502 Quid
328 3405 394 3476 tibi
424 3407 469 3475 ad
492 3403 684 3474 Hectorem
708 3417 772 3476 aut
792 3429 912 3478 senem
937 3407 1056 3503 dicam
1109 3453 1134 3530 4

478 3504 676 3576 maritum?

107 3617 186 3686 nee.
214 3610 351 3687 Nuntia
367 3611 530 3723 omnirgu
548 3608 788 3680 miserrimam
807 3635 876 3682 me.

108 3719 178 3788 Pol.
208 3713 243 3786 Ο
265 3729 411 3811 pectora
433 3725 469 3784 et
490 3713 692 3798 mamillae,
735 3737 828 3808 quae
858 3737 915 3784 me
940 3713 1057 3786 nutri-

475 3814 575 3887 vistis
595 3815 765 3888 suaviter.

67 3915 134 3994 425
159 3925 241 3994 Iler.
269 3919 304 3990 Ο
317 3919 493 3990 infaustae
512 3919 584 3988 filia
599 3919 752 3990 miserae
768 3919 946 3990 fortunae.

112 4031 180 4098 Pol.
205 4021 317 4108 Vale,
344 4047 366 4094 o
382 4033 519 4106 mater,
542 4022 620 4092 vale
637 4021 908 4116 Cassandraqua
925 4045 1018 4094 mea.

111 4133 188 4202 ttae.
213 4127 371 4198 Valeant
384 4125 465 4210 alii,
489 4124 598 4194 matri
615 4149 701 4217 vero
717 4150 793 4196 non
807 4137 860 4198 est
874 4125 1033 4198 laetitia..

107 4235 180 4306 Pol.
212 4231 261 4302 Et
301 4229 340 4300 in
382 4227 606 4324 equestribus
641 4223 844 4300 Thracibus
876 4227 1058 4324 Polydore

472 4329 597 4402 frater.

109 4445 190 4514 Ideo.
215 4437 255 4510 si
278 4435 369 4506 vivit
390 4435 523 4516 modo,
565 4431 693 4502 dubito
722 4457 827 4514 vero;
870 4435 962 4506 adeo
993 4459 1059 4530 per

475 4533 599 4604 omnia
620 4533 808 4606 infeliciter
823 4560 906 4627 ago.

73 4639 135 4720 400
161 4647 236 4722 Pol.
271 4641 398 4726 Vivit,
447 4651 483 4712 et
516 4635 704 4710 morientis
740 4639 884 4710 oculum
918 4641 1060 4712 claudet

476 4755 593 4814 tuum.

114 4857 191 4928 IIer.
219 4849 366 4923 Mortua
382 4872 462 4920 sum
480 4869 546 4938 ego
571 4855 666 4916 certe
687 4856 771 4916 ante
796 4855 950 4912 mortem
972 4863 1060 4934 prae

475 4947 641 5023 miseriis.

118 5059 187 5132 Pol.
211 5056 325 5132 Aufer
337 5079 417 5140 me,
444 5079 466 5122 o
483 5051 641 5146 Ulysses,
663 5053 937 5144 circumponens
952 5057 1059 5139 ceput

474 5155 645 5226 vestibus.

120 5259 206 5332 Nam
229 5260 441 5358 priusquam
458 5269 615 5342 macter,
649 5257 893 5329 conlabefacta
918 5277 998 5326 snm
1022 5249 1061 5318 in

477 5363 585 5433 corde

1159 1941 1301 2014 Celeres
1316 1963 1426 2010 naves
1444 1963 1509 2032 per
1523 1939 1651 2012 fluctus
1666 1937 1829 2031 paludIs,

1160 2046 1330 2140 Quonam
1348 2065 1406 2112 me
1422 2043 1591 2116 miseram
1608 2037 1739 2127 vehes,

1161 2147 1230 2220 Cui
1245 2171 1347 2219 serve
1365 2147 1412 2217 ad
1426 2147 1576 2217 domum

1157 2251 1326 2326 Possessa
1341 2247 1512 2321 veniam?

1107 2354 1185 2431 450
1210 2355 1270 2428 An
1284 2353 1440 2426 Doricae
1455 2355 1494 2422 in
1507 2353 1608 2423 littus
1625 2349 1772 2422 terrae?

1157 2462 1216 2532 An
1230 2455 1446 2530 Phthiadis?
1481 2457 1544 2528 ubi
1560 2450 1888 2548 pulcherrimarum

1158 2565 1347 2660 Aquamm
1368 2575 1510 2654 patrem

1159 2668 1296 2740 Dicunt
1308 2667 1517 2760 Apidanum
1535 2685 1681 2754 campos
1694 2660 1946 2753 pinguefacere
1956 2659 2017 2758 ²⁹).

1447 2811 1690 2915 [enemente
1718 2809 1773 2914 1.]

1108 2933 1186 3013 455
1211 2939 1271 3012 An
1287 2940 1326 3010 in
1341 2937 1495 3012 insulam
1512 2935 1698 3008 maritimo

1158 3046 1276 3116 Remo
1294 3043 1439 3116 missam
1457 3039 1652 3127 miseram,

1158 3148 1330 3218 Miseram
1349 3147 1460 3216 vitam
1476 3139 1668 3220 habentem
1684 3147 1723 3216 in
1738 3136 1875 3212 domo?

1159 3251 1233 3322 Ubi
1249 3248 1434 3344 primitiva
1453 3247 1573 3340 palma

1159 3353 1374 3449 Laurusque
1391 3373 1512 3427 sacros
1528 3347 1691 3444 porrexit

1135 3458 1185 3531 60
1211 3457 1348 3528 Remos
1361 3453 1524 3526 Latonae
1541 3448 1672 3526 charae

1159 3561 1292 3632 Partus
1305 3559 1567 3634 recreationem
1583 3553 1781 3654 divinitu?

1162 3665 1254 3738 Cum
1269 3662 1497 3736 Deliensibus
1513 3660 1641 3756 puellis

1160 3769 1375 3863 Dianaeque
1389 3769 1477 3836 deae

1110 3870 1187 3947 465
1212 3873 1369 3944 Auream
1385 3871 1511 3938 vittam
1530 3889 1705 3960 arcusque
1721 3866 1909 3938 celebrabo
1925 3863 2109 3962 cantu“)?

1485 4015 1652 4118 [serapte
1675 4015 1734 4118 2.]

1161 4145 1236 4217 Aut
1251 4139 1409 4216 Palladis
1427 4137 1465 4208 in
1480 4139 1569 4208 urbe

1160 4244 1356 4322 Pulchrum
1374 4267 1518 4313 currum
1539 4237 1784 4338 habentisffl)
1802 4239 1991 4310 Minervae

1112 4388 1321 4406 ω

1145 4451 1195 4512 τι)
1213 4447 1410 4516 stropharum,
1429 4443 1670 4508 tottetroptrerora
1687 4445 1715 4495 et
1732 4415 1852 4507 [pedon
1864 4441 1994 4496 verritur
2008 4442 2037 4495 to
2056 4443 2107 4494 td.

1181 4523 1281 4581 nem,
1300 4521 1412 4580 praeter
1430 4515 1576 4566 mettense
1594 4514 1680 4564 tottoe
1699 4515 1862 4578 tragoediae
1878 4525 2029 4577 oneror,
2044 4514 2107 4578 pte-

1180 4599 1295 4656 ronqoe
1311 4583 1468 4652 peculiares
1487 4583 1570 4636 ettam
1587 4581 1721 4648 adscripti
1736 4586 1817 4650 eunt,
1840 4585 1892 4636 tor
1908 4584 2018 4636 alteros
2036 4581 2108 4636 ent·

1180 4659 1276 4712 etune

1145 4743 1194 4812 22)
1214 4745 1314 4796 Dtcuot
1327 4766 1361 4780 -
1374 4739 1592 4806 ptogoetrcereJ
1610 4735 1653 4788 blo
1669 4750 1771 4789 veram
1788 4737 1818 4790 tn
1836 4737 1887 4794 tre.
1905 4739 1990 4791 bern
2007 4737 2036 4788 to
2053 4739 2106 4790 bos

1180 4817 1251 4868 door
1267 4816 1312 4866 est
1329 4811 1498 4864 emundor:
1740 4855 1744 4862 .

1269 4885 1303 4934 ιθ
1338 4881 1436 4932 Dicunt
1454 4879 1607 4942 Apldruon

1267 4955 1299 5003 tt
1334 4951 1454 5013 cmpos
1471 4939 1688 5014 pinguefacere!

1144 5037 1194 5106 21)
1213 5037 1283 5088 tinto
1300 5037 1363 5086 loco
1383 5035 1411 5084 to
1429 5033 1479 5084 te.
1493 5033 1569 5086 tm.
1587 5033 1729 5096 edecrlpte
1746 5033 1791 5083 eet
1807 5033 1874 5082 orte
1891 5029 2024 5096 mgna
2042 5029 2106 5082 nott

1179 5105 1362 5172 periphrasin.

1144 5191 1194 5258 Μ)
1212 5195 1333 5242 aurun
1350 5217 1385 5228 -
1404 5183 1524 5250 motui]
1548 5189 1593 5240 bio
1616 5201 1723 5256 quoque
1746 5200 1823 5242 vere.
1847 5185 1877 5240 tn
1900 5185 1952 5238 tte
1969 5187 2052 5241 Baro.
2076 5186 2105 5240 fo

1180 5263 1249 5314 done
1266 5260 1421 5314 euronotus
1441 5263 1501 5312 eet:

1269 5330 1302 5380 ιιι
1335 5331 1456 5382 borean
1472 5327 1586 5393 νιιιιιιι,

1179 5397 1232 5450 465
1269 5399 1298 5448 ιι
1336 5401 1480 5464 arcusque
1497 5398 1642 5448 celebrabo
1659 5387 1765 5448 cantui

124 5459 289 5541 hortibus
302 5463 440 5552 matris,
452 5461 548 5536 hanc
562 5462 709 5558 insuper
721 5453 895 5533 tabefacio
909 5455 1061 5529 fletibus.
1117 5453 1119 5458 ’
1142 5471 1224 5553 rent
1238 5485 1379 5548 aomos]
1397 5485 1439 5536 sta
1458 5485 1557 5550 auru,
1575 5486 1698 5548 norges
1723 5483 1772 5533 ιιι.
1788 5481 1864 5536 tter.
1882 5483 2000 5536 anteon

82 5565 255 5650 hume.
272 5583 380 5649 orne.
411 5581 505 5649 vor..
520 5579 645 5646 xvut

1489 5559 1539 5626 20
