4768 6100
304 221 401 300 neu
886 213 1008 290 rara,
1036 214 1150 288 uua.
1175 213 1379 288 semera
1405 212 1742 288 rummeins
1877 268 1881 278 .
2087 199 2094 276 ζ
2221 245 2297 318 11„

352 393 526 464 societate
543 389 692 474 misera,
718 409 828 482 quarn
845 409 911 477 ego
926 387 1034 458 miser
1352 383 1462 462 1385·
1477 387 1559 460 Non
1573 387 1809 482 relinquenda
1822 384 1913 461 baec
1926 405 2029 480 suut,
2043 401 2103 469 secl
2117 405 2230 478 mim
2247 439 2301 484 m.-

351 493 485 564 invitus
501 493 660 584 perdidi;
691 503 883 583 postquam
906 513 993 560 vero
1015 503 1111 561 terra
1132 501 1297 562 mortuos
1758 495 1897 578 vando,

717 593 972 676 occultaveris,
1399 589 1440 662 ln
1470 599 1544 663 uno
1576 591 1698 686 aliquo
1723 619 1782 664 me
1810 595 1976 683 adiuves,
2015 597 2170 692 Theseu,
2208 613 2300 684 miseri

305 693 405 772 1805
437 697 566 770 Habita
591 697 629 768 in
650 693 743 768 banc
774 694 935 764 civitate:
977 693 1106 766 misere
1138 693 1297 788 quidem,
1573 716 1574 720 ’
1758 699 1856 768 cauis

713 799 776 869 sed
792 809 912 866 tamen
1398 797 1454 867 Ad
1470 797 1718 867 deductionem
1735 799 1773 867 in
1786 799 1902 892 Argos
1918 825 1977 872 me
1987 801 2178 893 comitare,

355 905 451 996 Coge
475 905 636 976 animum
661 903 706 972 ad
726 901 913 970 ferendum
939 921 1078 968 mecum
1109 920 1183 968 una
1202 900 1296 968 rhea
1399 898 1471 982 Ne,
1504 900 1601 970 solus
1621 900 1652 970 si
1675 925 1806 986 esseau,
1836 905 1974 998 aliquid
2004 909 2050 978 ob
2080 903 2231 984 dolorem
2256 941 2304 1008 prs

713 1001 876 1097 malam).
1766 1005 1847 1076 liliis
1868 1008 2054 1104 pariarfl).

352 1109 387 1180 Ο
401 1108 524 1190 libori,
549 1107 611 1201 qui
627 1107 831 1198 procreavit
845 1116 880 1174 ot
898 1100 1022 1195 genuit
1037 1123 1100 1172 vos
1117 1112 1239 1193 pater,
1400 1099 1434 1170 Ο
1452 1115 1546 1172 terra
1562 1103 1689 1174 Cadmi
1706 1120 1741 1176 et
1755 1109 1942 1180 universus
1957 1114 2111 1204 populus
2127 1110 2304 1201 Thebanus,

355 1211 534 1292 Perdidit,
559 1234 676 1304 neque
692 1208 855 1278 fruimini
871 1231 951 1276 mea
966 1203 1099 1294 gloria,
1351 1203 1449 1276 1890
1475 1205 1706 1292 Tondemini‚
1722 1211 1829 1282 simul
1845 1211 1973 1302 lugete,
1995 1216 2042 1284 ite
2059 1221 2104 1285 ad
2121 1219 2303 1310 sepulturam

356 1314 474 1406 Quium
491 1337 556 1404 ego
575 1311 783 1404 comparavi
799 1335 841 1379 ex
855 1308 1038 1378 laboribus
1056 1329 1120 1396 per
1133 1305 1232 1405 Isim,
1398 1306 1635 1395 Liberorum,
1662 1336 1787 1382 omnes
1802 1337 1876 1382 rano
1893 1339 2060 1388 sermone
2075 1321 2190 1412 lugete

307 1417 405 1486 1870
431 1415 593 1486 Gloriam
611 1415 713 1484 vobis
730 1413 861 1505 patris,
888 1407 1076 1480 honestum
1095 1408 1239 1478 exitum.
1399 1409 1564 1481 Mortuos
1579 1425 1614 1480 ct
1629 1437 1704 1482 me:
1732 1437 1857 1486 omues
1871 1418 2063 1507 periimus,

354 1517 479 1612 Teque
494 1539 568 1586 non
585 1517 767 1598 similiter,
794 1541 815 1583 o
832 1515 981 1594 misera,
1008 1509 1170 1602 perdidi,
1397 1511 1562 1582 Percussi
1577 1539 1648 1584 una
1667 1516 1796 1585 misera
1814 1519 2017 1592 calamitate
2033 1519 2247 1620 lunouia¹¹).
2362 1547 2368 1562 ¹

356 1620 406 1690 Ut
426 1634 465 1690 tu
480 1621 632 1690 fideliter
646 1618 796 1690 servasti
813 1641 931 1686 meum
949 1611 1169 1694 thalamum,
1403 1617 1499 1684 Tbes.
1526 1615 1658 1706 Surge,
1685 1643 1707 1686 o
1723 1621 1849 1702 miser,
1874 1623 1958 1692 satis
1974 1637 2025 1694 est
2042 1623 2297 1720 lachrymarum.

355 1720 518 1814 Longam
534 1723 733 1794 custodiam
749 1721 877 1789 donans
894 1713 1118 1787 exhauriens.
1350 1713 1448 1786 1895
1479 1721 1580 1788 Herc.
1614 1719 1697 1790 Nou
1721 1743 1886 1812 possom;
1920 1749 2005 1794 nam
2030 1741 2132 1800 artua
2154 1729 2224 1798 mei
2244 1730 2310 1798 obri

356 1824 435 1895 Heu
450 1849 565 1894 meam
579 1849 727 1895 uxorem
747 1836 783 1891 et
798 1820 947 1890 liberos!
973 1815 1043 1886 heu
1058 1815 1135 1884 mel
1762 1837 1928 1913 guarum,

309 1923 407 1999 1876
434 1929 552 2020 Quam
571 1927 698 1997 misere
715 1925 790 2016 egi,
818 1924 916 2017 quod
935 1921 1071 1990 avellor
1400 1921 1498 1990 ibes.
1514 1921 1608 2012 Quia
1624 1925 1789 1996 robustos
1802 1925 1911 1995 eiiam
1924 1928 2104 2000 deiiciunt
2115 1931 2312 2002 calamitates

355 2028 575 2100 atinenses
592 2053 713 2100 uxore.
764 2025 798 2097 Ο
814 2025 961 2094 acerbae
978 2019 1182 2092 osculorum
1397 2027 1498 2092 Herc.
1524 2022 1615 2094 Heu.

355 2131 637 2216 Delectationes,
664 2145 699 2201 ei
715 2129 825 2200 tristis
839 2128 989 2198 societas
1003 2145 1201 2193 armorum.
1399 2125 1546 2194 Utinam
1563 2129 1644 2196 bam
1661 2122 1721 2196 hic
1736 2150 1860 2200 saxum
1876 2131 2073 2204 immemor
2089 2137 2272 2206 malorum.

354 2233 505 2317 Dubito,
525 2247 647 2306 utrum
663 2230 813 2304 habeam
830 2231 894 2301 ista
913 2251 1028 2310 arma,
1043 2250 1089 2294 an
1104 2223 1296 2302 dimittam,
1401 2227 1498 2297 Thea,
1525 2227 1649 2314 cessa,
1675 2231 1719 2298 da
1736 2255 1884 2303 manum
1899 2236 2015 2306 amieo
2033 2237 2215 2310 minimo·

357 2337 459 2430 Quae
474 2337 520 2404 ad
536 2337 629 2408 latus
644 2359 764 2406 meum
781 2331 963 2402 allidentis
982 2326 1069 2400 haec
1084 2329 1219 2398 dicent:

309 2439 408 2511 1880
439 2437 554 2510 Nobis
584 2437 772 2532 perdidisti
803 2437 935 2505 liberos
962 2445 998 2503 et
1022 2453 1201 2512 uxorem,
1234 2421 1297 2498 ha·

1399 2331 1499 2399 licre.
1531 2328 1665 2402 Verum
1690 2357 1736 2404 ne
1769 2337 1980 2456 sanguinem
2007 2341 2218 2432 alsstergam
2240 2331 2321 2406 sesti·

717 2540 779 2642 bes
801 2563 890 2622 nos,
1352 2531 1451 2604 1400
1480 2537 1578 2605 Ticer.
1603 2436 2028 2634 Abstergl’lssnlupbrcas,
2061 2571 2142 2616 non
2157 2565 2282 2616 recuso.

356 2643 496 2740 Quibus
528 2643 660 2716 liberos
691 2637 1018 2760 tuosintersecisti.
1063 2633 1204 2704 Deinde
1231 2655 1296 2724 ego
1400 2641 1501 2708 iiere.
1528 2637 1687 2710 Orbstus
1705 2641 1846 2760 liberie,
1877 2659 1918 2714 ut
1941 2641 2103 2718 habeam
2130 2649 2259 2719 101020
2278 2639 2325 2712 filii

358 2845 512 2916 Feram?
537 2846 623 2941 quid
640 2746 876 2916 dicellldldssdd
889 2843 1045 2910 nudatus
1061 2836 1190 2920 armis,
1762 2769 1847 2816 meh
2009 2781 2014 2792 ·

359 2947 498 3044 Quibus
512 2971 568 3018 res
585 2945 887 3040 praeclarissimas
902 2943 991 3036 gessi
1006 2942 1044 3010 in
1061 2938 1229 3020 Graecia,

313 3095 317 3104 ·
358 3049 542 3122 Obiieieus
557 3073 615 3120 me
630 3045 810 3132 hostibus,
837 3047 990 3139 turpiter
1006 3038 1169 3114 moriar?

1405 2843 1503 2912 ibes.
1526 2840 1581 2910 Da
1599 2842 1691 2912 collo
1706 2855 1805 2915 tuam
1823 2871 1990 2929 manum
2015 2873 2090 2940 ego
2107 2864 2145 2922 te
2161 2853 2287 2922 ducam.

1400 2947 1501 3013 Herc.
1528 2945 1600 3013 Par
1613 2939 1681 3013 hoc
1696 2950 1911 3031 auricomum
1938 2953 1999 3021 sed
2019 2955 2120 3024 alter
2138 2952 2265 3024 inielir.

1401 3043 1573 3131 Osenex,
1607 3047 1715 3118 talem
1731 3051 1850 3122 virum
1865 3052 2020 3124 amicum
2037 3051 2183 3128 habere
2200 3061 2328 3148 oporiet·

345 3357 389 3425 td)
406 3357 493 3410 iierc.
512 3353 571 3408 item
588 3365 632 3404 me
647 3377 683 3394 -·
700 3361 761 3408 mes
778 3351 859 3404 maia.
877 3348 935 3414 (va.
954 3347 1059 3400 1340-
1069 3345 1176 3404 13660]
1194 3345 1235 3394 aic
1247 3343 1298 3396 itd.
1386 3348 1432 3416 11)
1451 3349 1556 3412 patiar]
1573 3347 1614 3398 sio
1631 3349 1681 3400 ito.
1696 3344 1787 3416 idias
1811 3353 1860 3404 ad.
1874 3353 1949 3406 tata.
1967 3361 2126 3421 corrupte:
2154 3359 2241 3424 peter.

413 3539 503 3664 „ggcd
519 3535 689 3644 1110111121ῗέ1
700 3535 759 3642 uland
772 3533 993 3641 dilaniandos
1099 3555 1106 3569 ι
1417 3523 1440 3574 Ε
1460 3557 1468 3572 ’
1551 3556 1573 3570 ”
2149 3543 2155 3550 ’

415 3654 1182 3798 riui:autariatas:,aaranaab:u,

1453 3589 1476 3640 0
1494 3588 1561 3668 diii,
1583 3588 1629 3653 qui
1646 3589 1804 3651 procreavit
1820 3593 1850 3640 et
1866 3593 1962 3654 munit
1981 3602 2039 3644 vau
2056 3599 2164 3664 pater,

1453 3657 1592 3722 Perdidit,
1610 3670 1698 3721 neque
1715 3659 1834 3708 irnimtui
1853 3661 1921 3712 mois
1940 3662 2031 3728 bouis,

1454 3728 1531 3790 ouras
1549 3737 1600 3790 ego
1619 3729 1815 3789 praeparabam
1834 3742 1868 3778 ex
1887 3731 2028 3780 laboribus
2048 3745 2105 3796 per
2123 3733 2204 3800 vim,

416 3800 536 3866 „iieqm
552 3800 670 3848 aiterum
688 3797 804 3849 atterius
821 3797 956 3846 domiuum
974 3805 1047 3843 esse.

415 3868 520 3936 „opus
537 3867 606 3917 euim
625 3869 707 3916 batuet
723 3865 816 3926 Deris,
838 3865 861 3912 ei
880 3864 959 3912 ruodo
977 3865 1021 3910 est
1039 3873 1070 3910 re
1087 3871 1156 3910 vera
1175 3861 1264 3922 Deus,

415 3936 559 4002 „bailius
593 3935 739 3984 Poetarum
758 3933 784 3982 bi
802 3935 866 3982 snut
885 3929 977 3981 miseri
994 3939 1144 3979 sermones.

414 4004 533 4071 „statui
551 4006 658 4066 autem,
681 4001 806 4066 quamvis
823 4001 850 4048 iu
868 3999 997 4048 adversis
1014 3999 1199 4054 constitutus,

337 4086 362 4098 ·’
416 4073 482 4138 „ite
499 4073 655 4122 timiditatis
672 4081 790 4124 accuser
813 4067 946 4132 alicuius,
982 4066 1026 4116 ubi
1051 4066 1114 4114 mibi
1138 4067 1300 4117 conscivere

722 4141 846 4188 mortem.

416 4207 651 4274 ,massmannus
670 4207 742 4257 euim
760 4207 912 4268 quicunque
928 4215 982 4254 nou
1000 4203 1129 4262 obsistit,

416 4279 536 4344 „iisque
552 4277 606 4326 riri
623 4279 715 4338 potest
732 4275 872 4324 sustinere
889 4273 982 4322 teiam.

417 4345 556 4398 Perieram
574 4349 699 4394 mortem.
734 4345 788 4393 sed
805 4345 876 4392 abeo
893 4343 927 4390 ad
946 4341 1087 4392 ciuitatem

415 4413 517 4480 ruam,
540 4413 712 4480 gratiamque
726 4413 893 4463 intuitorum
910 4411 1043 4461 donorum
1061 4409 1156 4459 baben

417 4481 472 4533 fleti
489 4484 560 4536 euim
578 4482 690 4532 iabores
707 4481 829 4532 indultos
846 4480 975 4546 gesturi,¹

418 4551 538 4613 onorom
555 4549 748 4602 nihilomnino
764 4549 935 4610 detrectavi,
958 4557 1047 4610 neque
1065 4548 1102 4596 ab
1117 4547 1204 4596 ocutis

418 4619 529 4670 stitiari
545 4621 649 4683 iontes3
674 4631 762 4682 raeque
779 4617 956 4668 credidissem
973 4623 1092 4677 unquam

417 4687 458 4738 Eo
476 4691 637 4751 santorum,
660 4689 818 4750 lachrymas
835 4689 870 4737 ab
886 4685 974 4734 oculis
992 4685 1023 4732 ut
1039 4683 1175 4733 eiicerem.

416 4756 522 4824 „Nouo
537 4759 646 4821 autem,
663 4759 693 4806 ut
710 4757 844 4818 apparet,
866 4754 996 4802 toranuae
1012 4752 1187 4802 semiebdum
1206 4755 1258 4803 est.

416 4827 493 4890 Age,
514 4835 651 4886 osenex,
676 4837 764 4875 meum
781 4823 890 4873 exitium
906 4819 1008 4871 cernis.

418 4893 505 4945 vides
533 4903 603 4946 vero
630 4893 749 4945 diiorom
774 4903 838 4942 esse
863 4899 907 4940 me
930 4887 1070 4954 proprium
1093 4887 1300 4942 interfectorem

717 4971 849 5010 meorum.

418 5029 459 5081 iia
475 5031 559 5081 bosca
575 5031 696 5092 tonaio,
720 5031 747 5078 et
764 5031 862 5077 cessato
882 5025 1036 5088 cadauera,

417 5099 579 5164 baebrymts
595 5101 734 5150 borrorans
754 5095 810 5160 (me
827 5096 899 5144 enim
917 5107 970 5144 neu
988 5092 1055 5142 sistit
1072 5091 1132 5156 ier)

418 5167 460 5217 ,cd
477 5171 591 5229 pectora
606 5167 747 5230 applicans
764 5163 861 5224 matri,
885 5163 1008 5226 dacisque
1025 5162 1053 5210 in
1071 5161 1152 5209 ninas

418 5234 591 5288 communem
608 5235 731 5286 sobolem
750 5234 897 5294 miseram,
922 5242 1001 5294 qoam
1020 5241 1072 5292 ego
1089 5228 1187 5278 inieiix

418 5301 529 5354 reram
545 5303 666 5365 invitone
689 5305 767 5353 terra
782 5313 850 5352 vero
868 5299 915 5349 nbi
931 5296 1117 5348 occultaveris
1134 5297 1271 5364 mortuos,

418 5371 548 5424 nabitato
565 5373 703 5423 oivbatem
723 5371 806 5436 banc,
830 5369 932 5420 misere
950 5365 1071 5430 quideme
1096 5365 1146 5414 sed
1164 5367 1255 5418 mareu

418 5441 544 5494 animm
561 5441 687 5494 obarmat
704 5441 789 5506 [pror
811 5437 939 5498 obtrusa]
957 5445 1019 5486 mea
1034 5432 1092 5496 pati
1109 5433 1189 5485 maia.

1453 3795 1554 3844 bonam
1573 3795 1688 3858 gloriam
1707 3797 1810 3856 patrie,
1835 3799 1916 3848 vobis
1934 3803 2064 3864 stragem
2084 3803 2253 3862 baneam

1454 3865 1543 3926 'i'eqae
1561 3875 1615 3912 non
1633 3864 1693 3924 pari
1712 3865 1835 3930 ratione,
1859 3867 2010 3930 omisere,
2036 3873 2174 3931 perdidi:

1454 3931 1683 3994 Quemadmodum
1700 3935 1729 3980 tu
1747 3945 1834 3982 meum
1852 3935 2004 3998 coniugium
2023 3943 2163 3990 servasti
2183 3944 2255 3992 bona
2268 3935 2309 3986 ab,

1453 4001 1566 4062 Longas
1585 3999 1749 4049 exhauriens
1767 4002 1838 4050 domi
1856 4003 2035 4054 diibeuitatea
2056 4009 2105 4058 rei
2124 4011 2292 4060 domesticae.

1454 4065 1505 4121 itai
1525 4069 1588 4117 mibi
1606 4070 1641 4118 ob
1656 4081 1787 4128 morem,
1804 4073 1832 4120 et
1846 4070 1965 4136 libeross
1988 4075 2062 4126 eben
2083 4089 2162 4130 vero
2182 4081 2286 4144 propter
2295 4080 2328 4128 ab

1455 4137 1541 4200 Quam
1560 4137 1661 4186 misere
1678 4133 1800 4187 factumi
1824 4141 1854 4188 et
1870 4137 2015 4202 disiungor

1453 4205 1477 4255 Α
1496 4203 1606 4262 liberis,
1629 4217 1784 4268 uxorequea
1802 4217 1828 4256 -o
1844 4215 1957 4257 amarae
1974 4211 2149 4267 omniorum

1453 4273 1653 4334 iocunditates,
1679 4275 1832 4338 tristesque
1848 4277 1942 4326 borum
1959 4289 2114 4335 armorum
2134 4285 2290 4337 societates

1453 4342 1554 4392 Nescio
1572 4343 1660 4406 euim,
1685 4345 1777 4392 utrum
1796 4347 1907 4395 trabeam
1925 4347 2008 4414 baec,
2036 4361 2078 4401 aa
2100 4354 2257 4412 dimittam,

1455 4409 1532 4470 onae
1550 4411 1682 4459 lateribus
1700 4411 1769 4460 meis
1786 4413 1956 4478 alludentia,
1983 4417 2085 4469 dieeut
2103 4421 2200 4474 baec:

1455 4479 1599 4528 Nobiscum
1619 4480 1721 4530 liberos
1739 4480 1922 4547 interfecisti,
1945 4488 1973 4533 et
1991 4499 2141 4554 uxorem
2167 4505 2221 4546 nos
2239 4490 2312 4538 babes

1454 4545 1612 4597 Parricidae
1634 4550 1697 4612 tuo,
1722 4549 1829 4600 sumen
1853 4553 1935 4614 [pros
1967 4554 2052 4620 tuos,
2085 4563 2204 4621 umen]
2231 4567 2279 4622 ego
2301 4553 2339 4598 idi

1762 4619 1882 4668 bracbiis

1454 4679 1579 4736 rerunt
1601 4685 1664 4748 qaid
1683 4681 1838 4738 docturus?
1859 4687 1908 4736 sed
1926 4688 2047 4745 nodatus
2066 4699 2183 4758 armis,

1454 4754 1519 4806 cnm
1539 4753 1636 4815 quibus
1653 4755 1836 4816 poicberrima
1854 4756 1908 4806 ieci
1925 4768 1974 4818 per
1992 4757 2174 4828 Graeciam,

1455 4823 1574 4872 inimicis
1594 4835 1636 4871 me
1655 4823 1743 4883 ipsum
1762 4835 1915 4888 exponens,
1943 4827 2070 4888 turpiter
2089 4829 2225 4888 morteri

1454 4889 1514 4940 Nou
1531 4889 1711 4953 relinquenda
1727 4892 1810 4952 baec,
1836 4892 1937 4942 misere
1954 4898 2051 4948 autem
2072 4906 2233 4955 servanda

1453 4959 1540 5008 Unum
1559 4971 1602 5007 ure
1619 4957 1761 5024 quiddam,
1778 4959 1902 5024 i'beseu,
1926 4962 2064 5030 adiuves,
2094 4970 2223 5023 infelicia
2240 4967 2311 5022 cauis

1454 5027 1648 5076 Deductioaem
1665 5027 1758 5089 Argos
1774 5041 1828 5078 ona
1845 5032 1938 5080 statue
1954 5031 2127 5102 proiectus,

1454 5094 1609 5148 excutere
1625 5093 1688 5156 quid
1705 5096 1853 5146 liberorum
1872 5111 1906 5147 ne
1924 5101 2033 5166 patiar,
2060 5117 2131 5158 cums
2149 5109 2235 5161 rotas
2252 5109 2328 5158 baem·

1455 5165 1478 5214 o
1496 5163 1573 5212 terra
1590 5161 1700 5224 cadmi,
1726 5164 1867 5228 omnisque
1885 5167 2032 5217 Thebanus
2053 5175 2195 5246 populu,

1454 5231 1628 5298 teodemiri,
1652 5232 1807 5296 obtingere,
1831 5236 1870 5284 ite
1886 5237 1922 5284 ed
1938 5237 2124 5298 sepuitorem

1452 5297 1601 5362 Filiorum
1624 5309 1720 5350 amares
1736 5313 1805 5352 vero
1823 5313 1877 5353 ouo
1895 5315 1945 5355 ore
1960 5306 2165 5365 lamentamini

1452 5367 1667 5432 mammos,
1690 5371 1720 5418 et
1736 5381 1797 5435 me,
1824 5381 1919 5424 omues
1936 5372 2093 5444 perii-u,

1452 5436 1564 5488 innubis
1580 5447 1637 5489 usa
1652 5439 1781 5502 waurei
1797 5440 1900 5494 misera
1917 5442 2042 5496 tom&
