4748 6108
308 97 384 200 91'9
895 79 1015 194 rnuss.
1046 123 1158 196 nau.
1193 123 1395 198 scarras
1426 119 1762 196 rauouooma

363 301 482 370 tinum
497 298 637 390 signum
653 291 837 375 omnium,
860 292 956 364 idem
981 297 1160 368 convenit.
1404 296 1437 366 Ο
1453 297 1578 368 infelix
1592 309 1741 389 propter
1754 295 1900 385 longam
1916 295 2026 364 vitam
2045 309 2152 379 tuam,

360 403 519 472 Mactare
536 400 662 470 iubent
674 421 732 467 me
748 395 924 488 virginem
941 399 1111 490 puellam,
1323 334 1328 452 i
1403 399 1514 472 Miser
1528 412 1563 470 et
1579 424 1663 492 ego,
1689 398 1752 494 qui
1766 399 1896 468 frustra
1913 399 2023 468 multa
2041 399 2212 469 labo'ravi:

311 503 389 580 410
409 506 512 596 Quae
527 504 574 575 sit
587 514 673 571 nata
692 499 808 570 nobili
824 512 939 591 patre.
1323 453 1329 552 4
1353 499 1428 576 450
1454 503 1627 597 Oportuit
1644 527 1710 572 nos
1725 501 1875 571 omnino
1893 499 1930 570 iu
1948 525 2073 572 manus
2087 500 2263 596 Eurysthei

360 607 438 702 Ego
453 604 569 677 habeo
585 603 920 700 promptitudinem,
933 616 974 674 ut
989 603 1108 694 vides,
1120 632 1203 702 erga
1221 635 1300 692 vos;
1404 605 1601 700 Delapsos‚
1625 604 1778 698 turpiter
1793 617 1829 674 et
1843 605 1973 676 misere
1987 605 2148 674 amittere
2161 606 2272 678 vitam.

362 711 431 781 Sed
447 734 524 780 non
542 707 752 780 interficiam
770 729 887 776 meam
907 706 1033 792 liliam,
1404 710 1473 780 Sed
1503 710 1589 792 scis,
1638 711 1675 776 in
1708 732 1781 802 quo
1811 731 1868 776 me
1898 709 2010 798 possis
2039 707 2184 778 iuvare?
2247 711 2312 782 Non

364 815 491 910 Neque
508 835 727 908 quemquam
746 832 909 880 meorum
927 809 1059 880 civium
1077 837 1202 906 cogam
1769 809 1918 880 omnino

365 906 568 988 Nolentem.
607 911 741 1006 ,„Quis
757 915 807 984 sic
825 913 977 1006 desipiat
993 915 1130 1001 volens,
1405 914 1547 984 Excidit
1562 909 1651 982 mihi
1668 939 1747 1005 spes
1761 909 1892 982 horum
1912 911 2045 984 salutis.

287 1017 391 1092 2415
427 1019 533 1113 „Qui
565 1017 650 1088 velit
683 1017 770 1085 dare
804 1039 847 1085 er
878 1017 1045 1090 manibus
1077 1019 1302 1094 charissimos
1405 1016 1465 1088 Me
1481 1017 1602 1087 dedito
1620 1016 1763 1108 Argivis
1783 1041 1847 1108 pro
1865 1015 2094 1106 istispueris‚
2119 1037 2224 1099 orer,

726 1117 843 1188 lilios?
1355 1115 1430 1190 456
1467 1118 1514 1189 Et
1537 1143 1613 1190 non
1635 1122 1762 1191 subeas
1784 1132 1824 1188 tu
1846 1119 2066 1208 periculum,
2101 1133 2136 1187 ct
2155 1130 2311 1190 serventur

367 1225 416 1294 Et
445 1247 541 1294 nunc
563 1246 641 1292 cum
665 1220 710 1292 sit
734 1243 791 1292 res
814 1222 960 1306 acerba,
992 1223 1129 1296 videbis
1153 1249 1303 1316 magnos
1768 1221 1881 1312 pueri.

723 1347 928 1408 concursus,
1406 1323 1491 1394 Non
1508 1326 1621 1396 debeo
1638 1347 1760 1394 amare
1776 1347 1893 1394 meam
1910 1324 2044 1410 vitam,
2068 1338 2199 1416 pereat.

366 1428 455 1499 Aliis
470 1427 689 1512 dicentibus,
713 1428 810 1521 quod
824 1427 955 1498 iustum
971 1426 1017 1497 sit
1031 1419 1231 1520 hospitibus
1404 1423 1628 1520 Eurystheus
1644 1427 1798 1496 maxime
1814 1451 1871 1496 me
1885 1427 2041 1518 appetit,
2061 1442 2102 1498 ut
2116 1425 2275 1518 accipiens

367 1529 601 1623 Supplicibus'
610 1554 715 1622 opem
730 1529 843 1611 terre,
868 1529 947 1599 aliis
963 1553 1078 1599 meam
1097 1532 1282 1602 stultitiam
1406 1528 1488 1613 Me,
1508 1529 1670 1601 Herculis
1686 1529 1842 1612 socium,
1865 1530 2084 1600 contumelia
2101 1526 2235 1600 alliciat.

319 1629 683 1707 mosomensibus.
736 1631 775 1702 si
789 1627 859 1700 hoc
874 1656 948 1701 non
966 1633 1119 1718 faciam,
1134 1629 1155 1670 *
1171 1635 1302 1706 bellum
1405 1629 1470 1702 Est
1484 1631 1580 1702 enim
1596 1638 1728 1724 pravus
1743 1632 1810 1702 vir.
1850 1631 2106 1724 „sapientibus
2120 1632 2261 1725 optabile
2273 1645 2305 1703 est

729 1735 962 1804 domesticum
981 1749 1141 1826 paratur.
1356 1729 1431 1803 460
1457 1733 1622 1818 „Habere
1637 1735 1822 1805 inimicum
1839 1735 2052 1826 sapientem,
2071 1761 2148 1806 non
2164 1736 2299 1808 irritatam

371 1838 468 1908 Haec
484 1850 525 1908 tu
538 1838 678 1920 videas,
698 1849 733 1906 et
747 1837 854 1908 simul
868 1838 1074 1924 considera,
1100 1840 1284 1933 quomodo
1767 1837 1843 1907 sinc
1857 1861 1976 1909 causa.

369 1939 440 2032 lpsi
456 1940 667 2023 servemini,
690 1951 725 2008 et
742 1939 809 2010 ista
826 1940 962 2024 civitas,
1256 2015 1265 2038 .
1409 1937 1581 2032 „Aliquis
1602 1951 1720 2030 potest
1741 1939 1911 2033 consequi
1928 1963 2101 2032 magnum
2115 1941 2306 2034 pudorcmct

370 2043 418 2112 Et
432 2067 477 2114 ne
491 2067 549 2113 me
565 2041 828 2114 calumnientur
842 2042 946 2114 cives.
1764 2042 1959 2114 fortunam.

370 2145 453 2218 Non
486 2142 602 2216 habeo
637 2145 887 2238 tyrannidem,
934 2145 1049 2240 qualis
1085 2159 1138 2217 est
1177 2149 1305 2216 barba·
1410 2144 1508 2214 Ghor.
1533 2141 1707 2226 Osenex‚
1733 2169 1777 2214 ne
1790 2146 1900 2217 facias
1916 2169 2015 2216 ream
2032 2142 2128 2216 hanc
2143 2149 2264 2218 urbem.

731 2271 876 2327 rorum;
1408 2243 1574 2316 Fortasse
1587 2246 1692 2316 nobis
1706 2250 1907 2338 prodesset;
1929 2252 1992 2320 sed
2009 2245 2137 2322 tamen
2154 2264 2245 2342 turpe
2345 2335 2346 2340 ἵ

321 2347 397 2426 425
418 2349 516 2434 „Sed
531 2350 561 2420 si
576 2349 667 2420 iusta
685 2349 797 2436 facio,
820 2351 911 2421 iusta
930 2351 1060 2442 patior.
1409 2345 1656 2439 Opprohrium
1674 2350 1792 2435 luerit,
1810 2354 1908 2445 quod
1923 2351 2145 2426 dedissemus
2158 2349 2311 2446 supplices.
2345 2387 2346 2456 t

374 2455 471 2526 otor.
494 2453 659 2524 Proiecto
682 2465 888 2546 promptam
909 2455 1115 2526 existentem
1133 2477 1206 2524 non
1222 2456 1307 2525 sinit
1357 2445 1434 2520 465
1459 2454 1559 2522 Dem.
1583 2451 1714 2522 Dixisti
1726 2451 1794 2523 ista
1811 2453 1973 2540 fortiter,
1996 2458 2060 2526 sed
2077 2457 2191 2526 irrita.
2345 2461 2346 2480 ¹

731 2555 830 2627 Deus
1408 2552 1492 2622 Non
1508 2569 1657 2646 propter
1674 2567 1708 2624 te
1725 2579 1787 2626 rex
1801 2551 1872 2628 huc
1886 2557 1985 2628 ducit
1999 2561 2203 2631 exercitum.

370 2659 579 2751 Hospitibus
597 2683 703 2752 opem
720 2657 887 2756 ferre⁸¹),
911 2659 1075 2753 quamvis
1092 2660 1305 2752 cupientem.
1409 2655 1507 2748 Quid
1524 2656 1619 2726 enim
1633 2655 1855 2752 Eurystheus
1872 2675 2084 2734 consecutus
2100 2675 2170 2745 est,
2186 2675 2215 2730 te
2229 2681 2294 2728 senc

370 2765 433 2833 Iol.
455 2761 585 2846 Ofilii,
606 2763 739 2834 similes
754 2787 877 2832 sumus
889 2761 1158 2852 navigantibus,
1182 2765 1256 2858 qui,
1408 2757 1598 2829 Extincto?
1623 2763 1685 2832 sed
1703 2763 1789 2832 istos
1809 2763 1884 2834 vult
1900 2765 2113 2838 interlicere.

371 2863 462 2936 Cum
481 2867 681 2957 effugerunt
697 2864 881 2934 saevitiam
899 2865 1132 2955 tempestatis,
1152 2877 1160 2890 '
1410 2860 1610 2944 „Hostibus
1641 2863 1737 2932 enim
1762 2868 1814 2935 e‘st
1841 2889 1898 2936 res
1929 2869 2131 2958 periculosa
2161 2874 2311 2936 nascentes

321 2966 396 3040 450
430 2967 477 3039 Et
505 2969 722 3062 appulerunt
745 2969 791 3035 ad
812 2979 946 3036 terram
971 2991 1102 3059 prope,
1131 2967 1304 3038 deindea
1771 2968 1910 3038 nobiles
2345 2969 2346 3056 ζ

733 3070 855 3138 littore
1358 3060 1433 3134 470
1459 3061 1656 3150 „luvenes‚
1681 3065 1744 3162 qui
1760 3071 1992 3143 meminerint
2006 3073 2122 3162 patris
2138 3070 2279 3142 iniurias.
2344 3071 2346 3140 l

368 3174 397 3243 F
399 3175 475 3246 latu
488 3173 609 3243 reiecti
626 3185 709 3244 sunt
724 3196 846 3246 rursus
863 3171 899 3240 in
916 3197 1034 3242 mare:
1408 3165 1511 3260 Quae
1527 3183 1805 3244 consentaneum
1820 3188 1871 3245 est
1886 3175 2007 3245 omnia
2015 3175 2308 3268 praeconsiderare.
2345 3179 2346 3264 t

372 3277 430 3348 Sic
444 3289 479 3346 et
497 3301 565 3348 nos
578 3275 791 3367 depellimur
806 3301 848 3346 ex
863 3271 929 3345 hac
945 3289 1053 3360 terra,
1408 3270 1477 3340 Sed
1493 3271 1524 3344 si
1537 3273 1635 3344 aliud
1652 3277 1890 3366 opportunius
1904 3279 1972 3349 scis
1989 3279 2190 3362 consilium,
2343 3319 2344 3326 κ

372 3377 446 3450 lam
464 3379 651 3450 existentes
665 3381 710 3450 ad
722 3380 840 3462 littus,
862 3392 1034 3471 tanquam
1052 3375 1153 3448 salvi.
1406 3374 1575 3464 Appara,
1600 3375 1682 3472 quia
1703 3403 1767 3470 ego
1782 3379 1938 3452 incertus
1952 3405 2031 3466 sum
2049 3382 2173 3464 animi,

371 3477 494 3565 Eheu,
516 3505 625 3576 quare
641 3508 699 3552 me
720 3483 770 3550 ita
788 3481 990 3566 delectasti,
1015 3506 1036 3548 o
1051 3479 1179 3550 misera
1407 3473 1550 3548 Auditis
1565 3479 1738 3564 oraculis,
1760 3494 1796 3550 et
1810 3483 1936 3574 plenus
1953 3497 2064 3556 metu.

321 3582 397 3655 4³5
418 3584 524 3675 Spes,
544 3609 623 3670 cum
642 3609 716 3654 non
733 3608 825 3656 esses
841 3585 1039 3676 perfectura
1057 3579 1235 3674 gratiam?
1357 3573 1432 3649 475
1473 3581 1647 3654 Macarta.
1683 3581 1870 3676 Hospites,
1907 3609 1982 3656 non
2013 3587 2160 3656 tribuite
2175 3581 2220 3676 ⁸²)
2244 3569 2303 3646 mill

371 3685 485 3757 Venia
502 3689 646 3781 quidem
665 3689 814 3758 debetur
837 3687 896 3758 isti
913 3699 1060 3780 propter
1076 3682 1164 3770 hoc,
1185 3685 1213 3756 si
1231 3707 1304 3752 non
1639 3686 1826 3758 audaciam
1843 3711 1963 3760 meum
1978 3703 2129 3782 propter
2146 3697 2301 3778 egressum

732 3791 809 3858 vult
1408 3783 1572 3854 Primum
1587 3786 1683 3856 enim
1698 3782 1767 3858 hoc
1782 3791 1967 3883 deprecor.
2345 3781 2346 3818 ³

318 3913 324 3930 ··
372 3891 545 3962 Occidere
562 3891 691 3962 civium
709 3893 817 3972 filias;
840 3904 1028 3962 contentus
1043 3917 1121 3963 sum
1408 3886 1584 3970 „Mulieri
1598 3889 1800 3976 silentium,
1823 3906 1859 3962 et
1874 3919 1947 3965 esse
1962 3893 2174 3975 modestam,

372 3995 451 4066 lloc
465 3994 594 4078 etiam,
616 3996 646 4066 si
664 3996 809 4090 quidem
826 3995 874 4084 ita
893 3993 971 4064 Diis
987 3995 1128 4066 videtur
1144 3988 1233 4063 haec
1410 3987 1480 4072 „Et
1489 4013 1634 4061 manere
1650 3995 1881 4088 tranquillam
1895 3997 1931 4066 in
1950 3997 2073 4081 domo,
2091 3989 2301 4088 optimumst

373 4097 456 4168 Pati
470 4121 546 4179 me;
567 4121 684 4193 neque
700 4099 765 4168 tibi
783 4098 876 4190 perit
889 4097 1016 4188 gratia.
1409 4090 1528 4161 Tuam
1544 4117 1630 4163 vero
1644 4097 1812 4182 audiens,
1836 4124 1859 4170 o
1871 4095 1985 4183 lolae‚
2010 4097 2283 4194 deplorationem,
2345 4147 2346 4188 ἒ

324 4199 399 4273 440
422 4200 553 4287 Ofilii,
571 4226 647 4272 non
662 4201 755 4284 scio,
778 4201 863 4295 quid
879 4204 923 4270 de
940 4201 1042 4272 vobis
1056 4213 1222 4271 statuam.
1358 4188 1433 4262 480
1454 4191 1603 4287 Egressa
1627 4223 1727 4283 sum,
1751 4225 1834 4272 cum
1856 4227 1931 4274 non
1953 4203 2019 4273 sim
2044 4203 2203 4282 ordinata
2227 4192 2302 4258 inter·
2345 4203 2346 4206 ’

374 4303 457 4398 Quo
471 4303 678 4377 vertamur?
699 4306 779 4400 quis
793 4303 890 4376 Deus
906 4327 981 4374 non
998 4316 1050 4374 est
1065 4303 1281 4374 coronatus?
1764 4305 1890 4376 cedere
1904 4331 1972 4398 pro
1993 4320 2117 4378 nostro
2131 4317 2255 4396 genero

374 4407 430 4476 Ad
445 4433 554 4500 quam
572 4433 672 4480 aram
690 4431 765 4478 non
784 4405 1025 4478 accurrimus?
1040 4409 1084 4474 ad
1099 4431 1191 4500 quae
1205 4431 1303 4476 moe·
1409 4393 1478 4467 Sed
1502 4410 1622 4471 tamen
1645 4403 1751 4474 venio
1775 4421 1998 4500 opportune,
2020 4409 2104 4504 quia
2120 4401 2202 4477 mihi
2223 4395 2300 4466 etiam

664 4538 669 4545 ·
736 4510 796 4581 nia
812 4524 929 4582 terrae
945 4533 1020 4578 non
1034 4506 1218 4583 venimus?
1768 4524 1974 4582 curaesunt
2106 4593 2108 4598 ¹

375 4610 560 4696 Perimes,
583 4613 704 4698 olilii,
726 4615 799 4684 iam
816 4615 1000 4684 dedemur.
1406 4601 1568 4691 Fratre&
1591 4619 1627 4676 01
1645 4608 1689 4677 de
1704 4631 1763 4678 me
1778 4635 1923 4708 quoque
1938 4637 2016 4686 sum
2032 4611 2190 4685 sollicita.

374 4713 431 4786 De
446 4738 504 4784 me
517 4710 609 4786 nihil
623 4741 728 4802 curo,
750 4716 781 4787 si
794 4741 852 4788 me
867 4727 1011 4808 oportet
1025 4714 1132 4798 mori,
1407 4703 1500 4776 Volo
1522 4708 1666 4796 audire,
1686 4734 1775 4782 num
1791 4717 1837 4786 ad
1854 4729 1973 4788 vetera
1991 4717 2085 4787 mala

323 4813 400 4895 446
423 4815 500 4892 Nisi
516 4819 614 4913 quod
627 4843 706 4888 mea
722 4842 822 4890 mors
837 4829 889 4890 est
903 4817 1079 4911 voluptati
1095 4813 1266 4888 hostibus.
1407 4809 1604 4882 Accesserit
1625 4813 1723 4883 aliud
1746 4818 1903 4902 malum,
1933 4825 2029 4916 quod
2052 4817 2205 4890 moram
2225 4819 2298 4874 ¹¹¹⁰?

374 4919 448 4995 Vos
463 4922 634 5015 deploro,
656 4932 692 4990 et
704 4920 849 4991 miseret
865 4943 922 4990 me
937 4920 1058 5005 vestri,
1769 4920 1942 5000 animum.

377 5022 424 5096 Et
438 5026 583 5098 miseret
598 5047 656 5096 me
671 5047 760 5094 anus
776 5023 877 5094 aviae
889 5021 1094 5096 Alcmenae.

1358 5123 1569 5138 m

358 5299 408 5360 31)
431 5309 508 5362 opem
539 5291 628 5362 terre]
661 5291 702 5344 stc
730 5291 815 5343 notre.
841 5287 935 5354 tm,
966 5287 1057 5353 ime
1087 5289 1172 5340 ratas.
1201 5293 1304 5345 recent
1388 5293 1439 5354 υ)
1456 5289 2094 5364 errttmttetstortsm.(.-.·rurr„,114‚,·„‚,m
2118 5293 2224 5353 nagge,
2238 5277 2294 5329 Fla-2

324 5368 327 5381 '
394 5367 442 5434 (ε
453 5369 521 5421 text.
536 5361 594 5434 gr.)
613 5375 692 5430 opem
712 5361 789 5414 torre
805 5359 875 5412 tono
891 5357 1041 5412 etvttsren.
1423 5361 1586 5428 imputate„
1601 5361 1688 5416 rotet
1707 5361 1800 5431 tm,
1820 5365 1896 5420 taso,
1915 5367 2003 5419 nus:
2020 5363 2118 5418 uasere,
