4692 6108
291 171 365 246 951
878 165 1002 240 euru.
1037 129 1151 244 stan.
1184 165 1388 244 sonum
1420 169 1758 248 ennonootoa.
2203 191 2250 268 m

295 347 372 416 480
396 343 542 414 Priores
557 363 654 412 meas
670 339 874 434 splendidas
891 353 1023 427 vestes,
1397 351 1467 417 Aa.
1509 346 1630 440 Quare
1673 345 1864 439 palpebras
1904 344 2075 425 humectas
2106 353 2257 450 lachrymis?

345 447 390 516 Et
406 447 558 516 delicata
574 457 787 518 ornamenta
812 467 912 514 mare
937 446 1069 538 rapuit.
1130 446 1235 517 Nunc
1257 447 1296 515 in
1760 449 1846 542 quid
1861 451 1984 524 doles?

704 547 800 618 antri
818 571 959 622 recessu
1396 554 1495 623 Men.
1522 553 1686 622 Priorem
1704 551 1921 626 felicitatem.

346 651 541 724 Occultans
562 651 770 736 mulierem,
809 647 1019 746 quaemihi
1051 652 1215 724 omnium
1245 653 1296 722 la·
1349 650 1424 726 465
1451 660 1521 728 Aa.
1547 653 1659 748 igitur
1676 655 1860 726 discedens
1886 659 1948 730 des
1969 653 2030 730 bas
2045 657 2207 752 lachrymas
2221 671 2262 736 tois

710 756 841 828 borum
1766 759 1900 830 amicis.

350 859 466 930 Causa
483 871 553 942 est,
581 859 687 934 venio
705 859 862 954 reliquos
1400 863 1497 932 Men.
1526 861 1628 954 Quae
1645 856 1733 930 baec
1745 861 1870 952 regio?
1897 863 1995 934 cuins
2009 875 2086 934 sunt
2104 862 2174 934 istac
2191 867 2263 958 regiae

352 962 476 1032 Socios
492 985 621 1052 cogens
635 987 777 1034 servare
794 962 980 1034 Helenam.
1759 962 1887 1034 aedes?

301 1063 376 1135 435
404 1065 508 1136 Solus
527 1066 678 1149 oberro,
705 1066 1120 1160 quaerenssociismeis‚
1148 1064 1296 1162 quiillic
1323 1128 1325 1139 ,
1401 1069 1470 1136 Aa.
1505 1065 1658 1136 Proteus
1687 1062 1824 1136 habitat
1852 1063 1890 1134 in
1920 1061 1988 1136 hac
2008 1069 2125 1146 domo;
2152 1079 2221 1138 terra
2238 1087 2265 1140 cst

467 1177 476 1188 '
712 1181 815 1254 sunt,
1438 1176 1441 1185 “
1763 1170 1818 1238 vel
1836 1182 1985 1240 vocatur
1999 1167 2170 1264 Aegyptus.

353 1271 514 1356 Victum,
540 1271 651 1342 sicubi
670 1271 857 1342 inveniens
875 1273 1068 1366 accipiam;
1398 1271 1496 1342 Meu.
1511 1269 1718 1364 Aegyptus?
1729 1283 1733 1290 '
1745 1296 1767 1340 o
1783 1296 1841 1342 me
1857 1271 2046 1356 infelicem,
2063 1297 2128 1367 quo
2140 1273 2266 1364 navigavi?

355 1373 399 1442 Et
417 1373 539 1445 videns
556 1371 649 1444 banc
665 1377 813 1444 domum
832 1389 996 1446 ornatam
1012 1377 1174 1470 fastigio,
1401 1376 1471 1443 Aa.
1497 1375 1555 1443 An
1573 1388 1611 1444 tu
1631 1375 1831 1446 contemnis
1849 1399 1960 1465 genus
1973 1373 2071 1447 Nili?

354 1473 400 1544 Et
413 1472 581 1568 pulchras
598 1490 720 1570 portas
736 1477 857 1548 divitis
871 1477 1019 1550 alicuius
1035 1481 1123 1566 viri,
1351 1467 1428 1546 470
1453 1479 1551 1548 Men.
1587 1476 1670 1548 Non
1692 1490 1884 1547 contemno
1906 1478 1961 1558 id;
2002 1501 2102 1570 gemo
2121 1501 2210 1546 meam
2229 1477 2267 1544 lu·

353 1578 505 1652 Accessi.
557 1579 645 1671 Spes
661 1591 713 1650 est
729 1604 771 1650 ex
790 1581 968 1670 opulentis
984 1582 1131 1657 aedibus
1766 1591 1905 1650 tunam·

305 1677 381 1751 440
398 1682 568 1774 Accipere
585 1682 721 1778 aliquid
739 1683 827 1754 meis
844 1685 973 1758 nautis.
1004 1686 1097 1757 Nam
1113 1714 1300 1783 pauperes,
1401 1684 1472 1750 Ml·
1498 1679 1606 1750 Multi
1620 1693 1704 1750 ⁸11¹st
1719 1681 1897 1765 infelices,
1922 1705 1998 1750 ¹1⁰¹!
2013 1693 2052 1752 2¹1
2067 1682 2165 1753 804115·

355 1781 409 1854 Ne
425 1784 569 1878 quidem
585 1785 615 1855 si
631 1785 742 1856 velint
758 1785 900 1870 iuvare,
926 1803 1082 1879 possent.
1163 1845 1167 1852 .
1404 1783 1502 1854 Mea.
1528 1781 1637 1855 Estne
1652 1785 1750 1853 dorni
1767 1808 1849 1867 rex,
1877 1786 1922 1854 de
1935 1808 2010 1878 (1¹1⁰
2023 1783 2131 1854 ditis?

358 1889 455 1959 Odor.
483 1886 573 1980 Quis
589 1888 723 1958 ianitor
741 1889 860 1959 veniet
876 1913 917 1960 ex
934 1892 1101 1974 aedibus,
1404 1888 1474 1956 An.
1500 1883 1578 1956 Hoc
1594 1898 1646 1960 est
1660 1887 1735 1958 eius
1759 1882 2008 1980 sepulchrum,
2041 1885 2130 1958 lilius
2151 1897 2190 1955 est
2204 1881 2264 1950 dode

358 1989 430 2080 Qui
446 2003 569 2060 narret
588 2015 666 2060 mea
684 1991 775 2060 mala
794 1991 916 2062 intro?
1768 2003 1978 2062 nosterrae.

360 2093 470 2162 Anus.
506 2091 596 2184 Quis
619 2107 670 2164 est
694 2095 738 2162 ad
769 2093 937 2184 portam?
986 2119 1059 2164 non
1088 2097 1245 2169 discedes
1283 2125 1301 2167 a
1405 2091 1504 2160 Mes.
1532 2093 1602 2162 Ubi
1620 2092 1696 2163 cst?
1748 2093 1878 2162 Utrum
1895 2093 2003 2176 foris,
2030 2115 2077 2160 an
2094 2089 2197 2160 domi?

716 2198 847 2281 domo,
1356 2187 1432 2261 475
1457 2197 1526 2266 Aa.
1553 2195 1636 2267 Non
1653 2211 1706 2268 est
1721 2195 1828 2279 intus,
1856 2209 1907 2266 est
1923 2185 2274 2266 infensissimmumc'c

312 2287 387 2362 445
411 2293 464 2362 Nc
482 2305 580 2366 stans
596 2299 640 2366 ad
657 2313 800 2390 portam
819 2299 984 2370 vestibuli
1405 2297 1503 2368 Men.
1529 2298 1647 2392 Qaum
1666 2323 1808 2370 cansam
1826 2295 1953 2382 babet,
1980 2323 2090 2393 quam
2105 2319 2164 2386 ego
2177 2289 2239 2362 luo?

361 2393 564 2467 Molestiam
582 2401 753 2491 praebeas
771 2401 953 2473 dominis?
980 2415 1043 2473 aut
1059 2403 1244 2488 morieris,
1407 2401 1477 2468 aa.
1503 2400 1637 2472 Helena
1656 2417 1708 2474 est
1725 2402 1761 2470 in
1778 2397 1833 2472 his
1848 2402 2016 2486 aedibus,
2041 2401 2112 2471 ulia
2128 2397 2213 2467 lovis.

361 2497 451 2568 Cum
466 2499 514 2570 sis
528 2499 705 2588 Graecus,
731 2503 861 2598 quibus
885 2529 959 2576 non
983 2505 1190 2576 conceditur
1212 2507 1306 2577 redi·
1407 2501 1505 2574 Mea.
1532 2505 1726 2599 Quomodo
1745 2503 1821 2576 ais?
1848 2529 1954 2598 quem
1979 2525 2173 2597 sermonem
2191 2489 2282 2567 dulci?
2313 2479 2314 2540 4

723 2619 779 2678 tus
794 2632 837 2678 ex
852 2603 920 2678 hac
939 2621 1047 2680 terra.
1765 2607 1821 2677 dic
1839 2603 1929 2676 mibi
1947 2608 2091 2678 iterum.
2314 2588 2315 2656 4

361 2705 457 2774 Men.
484 2703 645 2790 Oanos,
671 2722 765 2779 recte
780 2707 868 2782 haec
886 2712 993 2780 verba
1010 2709 1117 2793 dicis,
1407 2714 1476 2780 Aa.
1502 2709 1592 2778 Filia
1609 2709 1791 2803 Tyndari,
1826 2733 1918 2803 quae
1943 2710 1982 2781 in
2004 2711 2132 2803 Sparta
2152 2695 2288 2796 aliquando
2315 2695 2316 2762 4

358 2801 476 2886 Licet;
501 2807 779 2902 obtemperabo,
809 2817 871 2884 sed
886 2815 1040 2884 concede
1056 2837 1271 2887 sermonem.
1765 2811 1845 2882 tuit.
2285 2894 2292 2906 „
2316 2803 2317 2862 4

311 2903 386 2978 450
412 2913 481 2980 Aa.
500 2911 589 2991 Abi;
616 2936 700 2982 nam
719 2909 788 2982 hoc
803 2911 894 2986 mibi
912 2916 1098 3000 incumbit,
1126 2911 1306 3010 ohospcs,
1357 2911 1434 2986 480
1459 2917 1557 2985 Mea.
1571 2914 1676 2984 Unde
1690 2903 1812 2985 venit?
1833 2939 1941 3012 quam
1957 2918 2135 2986 rationem
2148 2933 2195 2982 res
2206 2903 2291 2976 habet.
2317 2912 2318 2920 ’

360 3009 415 3080 Ne
430 3013 509 3107 quis
528 3013 686 3087 Graecus
702 3021 848 3089 accedat
864 3019 911 3090 ad
927 3013 1021 3090 hanc
1034 3021 1196 3091 domum.
1407 3021 1478 3090 An.
1503 3015 1611 3114 ΒΨ)
1625 3017 1896 3088 Lacedaemone
1912 3015 1981 3090 huc
1995 3019 2107 3089 venit.

362 3115 459 3185 Men.
487 3115 626 3215 Non⁸⁸)
645 3119 774 3192 afferas
788 3118 879 3192 mihi
892 3145 1033 3208 manus,
1058 3146 1175 3217 neque
1191 3135 1230 3194 tu
1248 3147 1304 3192 me
1367 3201 1373 3212 ¹
1407 3122 1504 3192 Men.
1531 3121 1714 3214 Quando?
1741 3145 1827 3191 num
1844 3121 1987 3213 spoliati
2003 3146 2127 3192 sumus
2142 3113 2261 3198 coniuge
2272 3123 2296 3170 ὅ

721 3249 759 3294 re
787 3226 884 3298 ellas.
1761 3222 1894 3293 antro?

361 3323 430 3388 Aa.
456 3318 540 3390 Non
557 3249 784 3418 obtemperari
797 3329 886 3414 illis,
918 3353 1010 3426 quae
1027 3329 1124 3400 dico:
1160 3329 1307 3420 culpan·
1408 3327 1478 3396 An.
1506 3325 1776 3423 Priusquam'0)
1791 3327 1920 3398 Gracci
1936 3327 2101 3396 venirent
2124 3325 2166 3392 ad
2182 3311 2298 3387 troiam.

721 3431 788 3502 dus
812 3457 859 3504 es.
1767 3453 1788 3498 o
1805 3425 1946 3520 hospes.
2279 3509 2284 3524 .

360 3523 459 3592 Men.
484 3523 617 3598 Nuntia
633 3531 729 3604 intus
744 3533 813 3604 tuis
833 3533 1001 3604 dominis.
1410 3533 1479 3602 Sed
1514 3533 1653 3604 discede
1688 3557 1707 3602 a
1741 3536 1868 3612 domo;
1912 3555 1996 3600 narn
2030 3543 2084 3601 est
2110 3523 2297 3630 quaedumu

314 3619 389 3692 455
415 3629 482 3696 Aa.
509 3627 665 3717 Vereor,
691 3657 738 3704 ne
763 3638 930 3708 acerbum
955 3638 1017 3706 fiat
1040 3635 1123 3720 tibi,
1157 3637 1186 3708 si
1211 3634 1334 3712 intusl
1662 3647 1672 3662 “
1768 3637 1878 3705 domo

723 3749 785 3810 tua
802 3742 909 3810 verba
928 3741 1104 3810 nuntiem.
1331 3722 1334 3795 4
1359 3733 1435 3811 485
1460 3737 1569 3830 Plaga
1587 3738 1704 3828 regia,
1729 3761 1800 3831 qua
1815 3739 1981 3808 turbatur
1997 3739 2136 3806 domus.

318 3839 321 3844 '
363 3831 459 3902 Mers.
486 3829 602 3903 Venio
618 3838 831 3931 naufragus,
864 3839 1013 3934 hospes,
1045 3864 1119 3909 non
1136 3841 1306 3910 idoneum
1331 3846 1334 3935 ζ
1406 3843 1490 3916 Nou
1505 3841 1633 3912 venisti
1645 3839 1873 3932 tempestive;
1898 3840 1929 3910 si
1943 3840 2112 3910 dominus

723 3945 878 4034 praedae
896 3967 1018 4036 genus.
1331 3952 1334 4017 l
1407 3943 1594 4037 Acceperit
1608 3955 1662 4026 te,
1687 3967 1785 4013 mors
1800 3943 1869 4012 erit
1884 3943 1948 4012 tibi
1963 3943 2043 4012 loco
2059 3936 2166 4010 xenii.

364 4038 434 4104 An.
461 4035 561 4108 Vade
576 4043 621 4112 ad
642 4043 748 4114 aliam
767 4045 924 4142 aliquam
941 4049 1088 4118 domum
1108 4067 1174 4134 pro
1191 4041 1269 4113 ista.
1330 4102 1333 4135 ,
1407 4049 1588 4124 Benevola
1605 4071 1683 4117 sum
1700 4045 1866 4128 Graecis,
1891 4045 2033 4116 tametsi
2056 4039 2191 4112 duriter

365 4137 464 4208 Mea.
488 4141 592 4228 Non,
617 4147 679 4218 scd
694 4147 861 4235 intrabo,
888 4151 1093 4242 obtemper'a
1112 4159 1150 4216 tu
1167 4139 1268 4216 mihi.
1329 4142 1333 4247 l
1408 4153 1543 4222 'l'ecum
1560 4173 1636 4222 sum
1653 4147 1786 4232 locuta,
1811 4147 1941 4218 timens
1956 4146 2273 4250 domiuum-meum·

364 4245 433 4311 Aa.
460 4243 556 4316 Scito
572 4260 607 4318 te
622 4275 696 4323 esse
713 4254 923 4340 molestum,
950 4267 985 4324 et
1000 4248 1188 4342 depelleris
1206 4249 1253 4320 vi.
1329 4255 1434 4330 :490
1459 4257 1556 4328 Men.
1591 4250 1688 4346 Quid
1714 4247 1855 4321 dicam?
1894 4249 1982 4345 qnid
2006 4241 2162 4344 loquar?
2197 4243 2303 4307 misuls

312 4336 387 4413 460
413 4349 511 4420 Men.
536 4349 636 4438 Heu,
661 4351 751 4442 heu,
777 4356 839 4428 ubi
855 4371 937 4430 sunt
959 4357 1030 4428 mei
1055 4351 1186 4446 egregii
1206 4373 1331 4454 exer-¹
1765 4377 1955 4424 aerumnas

724 4459 841 4531 citus?
1405 4459 1524 4532 Audio
1541 4456 1722 4551 prioribus
1737 4459 1958 4528 accedentes:

365 4551 433 4618 Au·
451 4552 572 4646 Quare
587 4561 658 4634 illic
673 4589 748 4636 non
762 4562 860 4636 luisti
874 4563 1060 4656 superbus,
1076 4582 1152 4628 non
1167 4553 1302 4653 bic³⁴)?
1403 4565 1443 4636 si
1461 4565 1641 4634 adducens
1659 4572 1839 4652 receptam
1855 4583 1898 4630 ex
1912 4555 2027 4627 Troia

365 4651 463 4723 Meu·
496 4657 530 4727 0
557 4665 732 4753 daemon,
771 4691 879 4762 qnam
908 4667 1054 4758 indigna
1085 4659 1300 4732 contumelia
1402 4667 1600 4758 coniugem
1615 4661 1744 4747 venio,
1766 4661 1845 4733 etsi
1860 4661 1941 4745 illa,
1964 4679 2056 4754 quae
2072 4656 2112 4726 in
2126 4641 2304 4724 annotato.

717 4767 879 4841 afficior?
1758 4765 1855 4836 salva
1878 4775 1950 4847 cst,

309 4917 515 4946 -......-
1399 4869 1597 4946 Etbabcns
1614 4870 1708 4938 idem
1723 4891 1877 4951 nomen,
1904 4865 2000 4960 quod
2015 4885 2114 4944 mea,

344 5051 396 5114 ὃ)
412 5059 487 5122 aas]
499 5063 539 5114 ue
549 5065 599 5117 ra.
609 5067 702 5132 rasse
718 5057 774 5123 ‘ra
787 5069 862 5124 rosa.
880 5071 939 5136 am
963 5068 1047 5122 ratu.
1060 5067 1164 5119 ruent.
1179 5067 1226 5125 t=
1240 5063 1297 5114 ru-

379 5123 430 5190 m
444 5115 489 5178 u·
509 5130 565 5200 m
583 5138 642 5200 Μ’
660 5151 696 5191 ¹¹⁰
1380 5159 1429 5222 10)
1448 5161 1501 5214 Aa.
1518 5159 1576 5220 Ex]
1600 5157 1643 5209 sio
1659 5155 1709 5222 (=
1725 5157 1793 5210 text.
1810 5153 1868 5220 gr.)
1887 5153 1972 5205 ratu.
1989 5152 2063 5204 1558.
2082 5153 2110 5200 et
2127 5141 2246 5196 motti
2265 5123 2300 5178 μ’

344 5237 393 5305 ⁸⁴)
412 5245 549 5305 θωσ-
560 5263 615 5304 mn
628 5249 709 5317 slot]
726 5257 767 5308 ne
780 5253 862 5308 rarae.
873 5253 963 5318 asoa,
982 5253 1294 5315 construeremus
1415 5229 1491 5282 ¹⁵⁶¹·
1509 5229 1594 5279 =¹¹⁰=
1620 5227 1665 5276 aa
1684 5237 1719 5276 0¹

377 5313 500 5369 t=rexc
516 5323 575 5384 gr.)
591 5323 651 5374 urse
667 5325 754 5390 igtur
769 5327 893 5378 amum
909 5321 986 5374 tamt
1009 5325 1147 5388 [numa
1174 5320 1295 5382 mnu]
1378 5317 1428 5377 an
1445 5315 1500 5368 As
1521 5313 1701 5378 rumam]
1732 5309 1773 5362 ⁸¹⁰
1793 5307 1843 5375 t=
1859 5309 1929 5362 θαι
1948 5308 2008 5374 ιτ.)
2031 5305 2114 5360 ratu
2132 5297 2199 5350 csse.
2222 5289 2244 5340 et
2264 5291 2299 5332 fe

375 5385 567 5452 rmutandus,
587 5403 642 5443 nou
660 5393 711 5448 tle.
1413 5387 1496 5438 ceott.
1505 5399 1515 5448 ς
1536 5383 1586 5438 Ed
1600 5381 1676 5438 M.
1693 5383 1737 5434 An
1753 5378 1915 5446 primm
2200 5391 2214 5440 t
