4692 6092
40 225 98 302 so
462 213 539 289 mc
591 211 993 336 lN'fflffluoruo
1025 213 1306 294 sucesrnus
1338 215 1589 291 nunnums.
1965 218 2043 303 sss

38 396 318 488 antipatrem
338 389 829 488 quinonineeuantamici‚
849 412 927 464 non
940 411 992 468 re.
1045 393 1122 468 375
1151 399 1251 467 Adm.
1273 391 1431 464 Etnunc
1449 394 1592 464 affirmo
1608 396 1734 465 eadem
1751 397 1946 473 etfaciam.

75 501 123 570 'l'u
143 511 254 570 autem
277 499 368 570 dans
383 518 445 579 ea,
469 517 562 590 quae
584 490 742 567 habuisti
758 492 982 583 charissima,
1096 501 1172 578 Alo.
1198 497 1276 566 llac
1292 497 1501 596 conditione
1517 498 1637 592 accipe
1652 497 1785 574 liberos
1800 523 1843 572 er
1859 505 1949 578 meis
1965 528 2042 578 ma-

72 605 134 674 Pro
156 625 230 672 mea
250 601 344 685 vita,
367 597 517 672 servani
538 621 617 671 me:
638 599 764 695 itaque
786 601 887 674 adest
902 597 994 673 mihi
1459 601 1578 676 nibus.

414 725 557 796 gemere
1097 708 1198 776 Adm.
1215 701 1380 796 Accipio:
1398 701 1709 796 estmibigratum
1722 731 1906 782 munuser
1924 713 2038 784 amica

71 807 242 878 Amittenti
263 819 297 878 te
318 807 428 877 talem
453 805 655 899 coniugem.
1463 829 1586 880 manu.

69 911 229 984 Omittam
246 910 414 982 convivia
439 922 475 980 et
494 909 731 982 convivarum
755 909 937 996 sodalitia,
1098 911 1174 981 Alc.
1207 909 1267 980 Tu
1290 921 1365 981 esto
1392 909 1469 982 istis
1494 924 1611 982 mater
1632 929 1702 1003 pro
1723 937 1794 988 me.

33 1011 92 1088 sto
115 1013 161 1086 Et
173 1038 343 1100 coronas,
368 1012 632 1098 etcantilenas‚
656 1037 751 1108 quae
768 1027 874 1085 antea
890 1037 993 1086 occu·
1097 1017 1200 1085 Adm.
1228 1009 1357 1104 lugens
1378 1015 1568 1086 necessitas
1592 1015 1728 1088 orbatis
1751 1029 1787 1088 te
1810 1032 1937 1092 matre.
1994 1088 2000 1096 .

412 1129 592 1210 paverunt
613 1139 733 1188 meam
758 1119 925 1198 domum;
1046 1117 1123 1188 380
1157 1119 1230 1189 Alc.
1263 1114 1299 1186 0
1321 1115 1445 1202 liberi,
1472 1119 1612 1189 morior
1634 1137 1751 1204 nunc,
1780 1143 1863 1192 cnm
1883 1123 2039 1196 maxime

68 1223 140 1294 Non
162 1220 316 1315 amplius
341 1215 516 1312 attingam
541 1219 738 1306 barbitum,
1457 1223 1532 1292 vita
1555 1216 1647 1293 mihi
1667 1233 1723 1294 est
1744 1227 1916 1318 optanda.

68 1327 177 1420 Neque
193 1325 356 1396 animum
372 1323 556 1417 impellam
570 1347 698 1394 cauere
716 1325 763 1395 ad
777 1321 949 1418 Libycam
1098 1326 1199 1396 Adm.
1230 1320 1331 1406 Heu,
1355 1323 1443 1417 quid
1463 1349 1568 1417 agam
1593 1338 1629 1395 te
1650 1326 1823 1401 orbatus?

68 1429 217 1510 Tibiam;
241 1442 283 1500 tu
298 1425 393 1498 enim
411 1425 575 1519 eripuisti
591 1423 683 1498 mihi
697 1451 822 1500 omnes
839 1427 994 1498 oblecta·
1098 1427 1173 1496 Ale.
1193 1423 1354 1519 Tempus
1368 1427 1508 1498 minuet
1521 1429 1675 1510 luctum3
1690 1444 1853 1504 mortuus
1869 1429 1961 1504 nihil
1977 1449 2039 1507 cst.

415 1529 543 1602 tiones.
979 1555 982 1560 ·
1099 1533 1200 1600 Adm.
1230 1528 1311 1600 Duc
1329 1553 1387 1601 me
1411 1543 1529 1602 tecum
1558 1533 1604 1604 ad
1625 1532 1772 1606 inferos.

65 1636 182 1707 Solerti
207 1655 322 1705 manu
344 1632 521 1704 artificum
546 1657 677 1728 corpus
697 1645 800 1704 tuum
1098 1633 1174 1702 Ate.
1206 1632 1301 1703 Satis
1325 1646 1377 1704 est
1399 1636 1576 1706 memori
1600 1655 1667 1729 pro
1689 1645 1735 1707 te.

33 1735 87 1810 350
104 1739 312 1832 Scriptum,
334 1735 374 1807 in
398 1737 491 1808 lecto
513 1735 765 1808 collocabitur:
1047 1731 1123 1808 385
1146 1738 1248 1807 Mm.
1277 1735 1462 1822 oletum,
1483 1740 1582 1838 quali
1606 1737 1756 1832 coniuge
1778 1765 1837 1810 me
1862 1745 2000 1834 privas!

66 1845 157 1934 Apud
190 1843 294 1938 quod
327 1840 471 1924 iacebo,
504 1841 613 1938 idque
648 1839 888 1933 complectens
918 1860 994 1906 rua-
1099 1841 1174 1910 Ate.
1204 1836 1379 1936 Atque“)
1402 1843 1618 1914 tenebricosi
1641 1855 1841 1934 gravantur
1863 1849 1967 1921 oculi.

414 1944 534 2029 nibus,
1099 1945 1199 2014 Adm.
1227 1941 1344 2028 Perii,
1370 1945 1481 2016 sime
1504 1949 1655 2018 deseres.

69 2046 193 2119 locans
215 2062 323 2120 tuum
342 2068 501 2131 nomen,
522 2041 670 2116 charam
697 2045 737 2115 in
757 2045 958 2137 complexo·
1098 2048 1173 2118 Alc.
1212 2045 1361 2118 Frustra
1397 2049 1564 2122 nominas
1597 2072 1674 2136 me,
1713 2073 1806 2150 quae
1847 2055 1919 2126 iam
1961 2080 2038 2130 sum

72 2147 210 2222 lidebor
242 2147 380 2222 habere
402 2149 612 2243 coniugem,
642 2149 807 2244 quamvis
829 2173 905 2218 non
928 2141 995 2218 ha·
1463 2166 1621 2225 mortno.

415 2255 515 2324 bens.
1099 2257 1200 2324 Adm.
1225 2249 1331 2344 Erige
1348 2253 1496 2342 faciem,
1517 2275 1564 2328 ne
1584 2253 1769 2355 relinquas
1793 2273 1874 2334 tuus
1897 2263 2040 2339 liberos.

63 2351 233 2449 Frigidam
252 2357 400 2453 quidem
419 2353 605 2454 opinorss)
620 2355 919 2437 oblectationem,
943 2366 997 2422 ta·
1049 2355 1125 2427 390
1154 2359 1230 2428 Alc.
1256 2353 1341 2428 Non
1357 2357 1482 2432 volens
1503 2362 1647 2444 desero;
1677 2366 1739 2435 sed
1761 2365 1897 2450 valete,
1924 2367 2041 2444 liberi.

415 2481 499 2530 men
523 2481 615 2532 onus
1100 2464 1201 2532 Adm.
1224 2456 1366 2530 lntuere
1380 2482 1453 2534 eos.
1503 2467 1580 2538 Alc.
1601 2461 1703 2537 Nihil
1718 2469 1875 2560 amplius
1888 2493 1979 2544 sum.

35 2559 82 2634 ³55
105 2564 260 2636 Animae
286 2559 529 2635 exhauserim:
556 2561 762 2633 insomnio
1101 2569 1203 2636 Adm.
1227 2562 1325 2656 Quid
1340 2563 1440 2655 agis?
1458 2567 1592 2642 deseris
1608 2593 1688 2643 nos.
1740 2573 1815 2646 ate.
1839 2571 1940 2646 Vale:

62 2667 256 2741 Occurrens
274 2667 546 2740 oblectabisme.
573 2665 750 2752 „Gratum
768 2677 821 2738 est
837 2662 996 2734 amicum
1102 2671 1204 2740 Adm.
1228 2663 1328 2736 Perii
1349 2667 1469 2740 miser.
2021 2749 2024 2758 ‚

61 2770 199 2854 „Etiam
214 2784 331 2842 noctu
345 2769 489 2856 videre,
512 2793 729 2866 quocunqne
746 2769 888 2840 venerit
908 2780 999 2838 tom·
1104 2773 1204 2844 otor.
1228 2767 1344 2854 Vixit,
1366 2793 1442 2841 non
1464 2772 1619 2866 amplius
1642 2788 1697 2849 est
1707 2775 1853 2852 Admeti
1876 2783 2043 2858 coniunx.

446 2895 520 2944 ore.

61 2976 94 3046 si
114 2973 204 3049 mihi
227 2971 372 3069 Orphei
398 2897 537 3048 slesser
556 2975 677 3068 lingua
704 2987 741 3045 et
762 2973 913 3059 musica,
1428 2939 1668 3050 [Simia]

63 3079 106 3152 Ut
123 3083 237 3154 filiam
262 3079 404 3152 Cereris
427 3093 490 3150 ant
512 3080 588 3152 eius
608 3078 781 3150 maritum
1106 3081 1202 3148 non.
1230 3073 1311 3148 Heu
1334 3077 1520 3150 fortunam
1529 3081 1590 3180 ⁴⁵),
1614 3097 1730 3157 mater
1751 3101 1894 3160 mortua
1917 3106 1980 3163 est.

22 3179 83 3253 360
105 3185 327 3258 Demulcens
349 3181 530 3270 carmine,
561 3181 608 3252 ab
638 3180 762 3252 inferis
790 3183 998 3254 reducerem
1052 3177 1128 3253 595
1154 3180 1239 3253 Non
1259 3181 1415 3274 amplius
1435 3195 1507 3269 cst,
1530 3208 1555 3255 o
1628 3206 1631 3214 ’

422 3285 634 3377 coniugem:
1101 3283 1227 3368 Pater,
1250 3285 1318 3355 sub
1338 3285 1427 3371 sole,

59 3390 343 3476 Descenderem,
365 3411 432 3462 nec
454 3414 513 3462 me
534 3387 701 3461 Plutonis
719 3387 831 3470 canis,
1104 3387 1283 3460 Deserere
1300 3413 1418 3460 meam
1439 3390 1563 3463 vitam.

61 3493 180 3593 Neque
204 3497 385 3570 deductor
407 3492 633 3580 animarum,
662 3488 808 3564 Charon
831 3501 942 3558 nauta
1105 3491 1205 3563 Fecit
1225 3516 1283 3562 me
1304 3487 1509 3586 orphanum
1536 3496 1679 3571 misem.

59 3597 266 3684 Retineret,
288 3597 500 3693 priusquam
522 3608 556 3666 tc
579 3595 619 3666 in
641 3595 755 3666 vitam
782 3596 1002 3666 reducerem.
1104 3596 1196 3667 Vide
1217 3595 1310 3682 iam,
1337 3597 1419 3670 vide
1440 3599 1630 3694 palpebras
1654 3588 1712 3674 et'

60 3699 190 3776 Verum
216 3701 294 3774 illic
317 3725 378 3776 mc
397 3713 563 3792 expecta,
590 3703 676 3772 dum
701 3698 851 3782 moriar,
1056 3699 1131 3774 400
1152 3699 1343 3772 Resolutas
1363 3727 1504 3774 manus.

21 3801 81 3876 865
106 3807 298 3902 Praepara
314 3802 537 3876 domicilium
556 3815 731 3900 tanquam
747 3826 888 3872 mecum
902 3793 1004 3870 habi·
1107 3804 1224 3888 Audi,
1245 3803 1351 3888 audi,
1377 3830 1398 3877 ο

425 3919 558 3979 tatura.
1109 3907 1244 3990 Mater,
1265 3919 1300 3977 te
1322 3907 1488 3981 obsecro:

56 4011 83 4082 F
85 4014 203 4084 ariam
224 4023 503 4096 testamentum,
529 4024 570 4082 nt
595 4010 635 4080 iu
656 4010 784 4080 eodem
804 4009 940 4078 feretro
1108 4008 1188 4102 Ego
1210 4023 1265 4093 te,
1288 4034 1311 4080 o
1333 4023 1470 4096 mater,
1497 4011 1673 4105 compello

59 4117 140 4188 Mea
158 4119 280 4188 latera
300 4137 436 4208 ponam
459 4114 559 4186 iuxta
1108 4111 1210 4184 Tuus
1231 4113 1370 4204 pullus,
1392 4117 1439 4184 ad
1462 4135 1502 4184 os
1525 4127 1626 4186 tuum
1651 4115 1793 4183 cedens.

59 4219 156 4302 Tua;
178 4241 302 4316 neque
326 4231 492 4290 mortuus
516 4215 663 4314 quidem
683 4237 846 4309 unquam
1060 4213 1135 4292 405
1162 4218 1265 4290 aro.
1298 4215 1415 4290 Vocas
1432 4239 1551 4311 neque
1572 4218 1776 4290 audientem
1790 4239 1908 4311 neque
1926 4217 2047 4290 viden-

59 4325 152 4396 Volo
175 4347 257 4398 esse
277 4323 458 4398 seiunctus
479 4343 500 4392 a
524 4335 578 4404 te,
599 4343 693 4414 quae
707 4319 784 4390 sola
801 4309 894 4388 mihi
909 4311 1007 4384 luisti
1467 4331 1559 4390 tem:
1581 4322 1704 4420 itaque
1723 4339 1790 4412 ego

426 4427 512 4500 fida.
823 4436 826 4442 '
1111 4419 1158 4494 lit
1180 4447 1244 4495 vos
1266 4419 1368 4516 gravi
1390 4419 1592 4496 calamitate
1613 4417 1834 4498 consternati
1854 4447 1989 4510 sumus.

22 4527 89 4602 370
119 4535 226 4608 odor.
257 4527 307 4602 Et
321 4553 386 4624 ego
400 4525 498 4600 hunc
511 4525 648 4598 luctum
663 4521 802 4594 tristem
819 4535 860 4596 ut
874 4523 1010 4594 amicus
1506 4602 1515 4620 ·
1981 4558 1985 4567 «

437 4657 519 4702 cum
543 4627 660 4700 amico
1377 4589 1735 4696 [astronom]

65 4739 148 4809 Una
173 4757 321 4830 geram,
343 4735 420 4828 ipsa
447 4735 544 4806 enim
567 4743 620 4804 cst
643 4730 762 4820 digna.
1114 4737 1212 4804 lium.
1245 4729 1323 4824 Ego
1346 4729 1485 4806 iuvenis
1509 4728 1625 4806 adhuc
1647 4734 1835 4830 relinquor
1858 4731 1965 4808 chara

62 4845 140 4914 Ate.
172 4839 210 4912 Ο
229 4837 355 4924 liberi,
375 4862 439 4912 vos
461 4835 647 4910 audivistis
667 4827 756 4902 haec
1116 4836 1233 4904 Matre
1256 4833 1416 4922 orbatus,

64 4945 97 5012 A
112 4956 246 5038 patre,
262 4943 360 5039 quod
376 4965 564 5038 nunquam
583 4937 690 5008 aliam
705 4937 876 5006 ducturus
890 4933 936 5004 sit
1116 4936 1250 5010 Tristia
1276 4937 1416 5032 patiens

66 5047 301 5141 coniugem,
324 5069 392 5118 nec
414 5046 638 5138 neglecturus
657 5063 726 5111 me.

25 5275 229 5292 —--
1103 5235 2056 5374 “bructerorumurse-uu

56 5429 105 5494 n)
124 5415 247 5492 opinor]
271 5407 610 5488 ιίο(;1ἱιιῐί’ρ.οῑμαι)
633 5413 718 5468 tutu.
744 5415 866 5476 receot.;
892 5411 920 5460 tu
938 5409 1023 5464 rust.
1109 5411 1157 5478 ss)
1177 5412 1234 5462 neu
1258 5406 1411 5478 tortuoso]
1435 5407 1478 5460 sle
1502 5409 1586 5462 notu.
1605 5408 1700 5478 tm,
1724 5409 1821 5477 imp
1847 5409 1932 5464 roto.
1954 5411 2058 5469 cml.

94 5497 195 5558 rm,
216 5491 295 5544 tm.
313 5491 402 5543 reat.
1146 5487 1195 5543 (ε
1202 5479 1296 5545 norlp.
1310 5471 1355 5531 'td
1372 5471 1537 5586 prs'rdxse)
1556 5477 1607 5532 nst
1624 5479 1688 5532 nltl
1703 5483 1818 5547 propter
1832 5479 2024 5534 commen.

1353 5547 1405 5622 55
