4746 6106
289 217 336 291 11
869 215 995 294 Ptin.
1025 215 1141 294 MEL.
1174 215 1380 294 SCRIPTA
1408 215 1759 298 amomum·
1834 247 1838 259 ·

2295 231 2351 310 12

416 391 531 452 Tertor
553 387 784 472 mesembrino
806 389 874 450 iibri
894 390 933 452 ad
954 389 1115 454 editionem
1143 391 1282 454 loaibinri
1302 393 1465 456 &nemori
1493 392 1613 472 quidem
1639 391 1824 474 descriptor,
1860 403 1891 456 at
1911 411 1930 454 a
1961 393 2181 476 typothetarum
2211 403 2352 484 mendis,

290 475 396 556 quibua
417 475 470 537 illa
493 473 658 536 deformata
678 474 796 554 lueret,
825 487 968 558 purgatus
990 488 1046 538 ent.
1089 477 1349 540 Deblelantbonir
1369 479 1634 558 interpretatione,
1661 491 1803 558 quantum
1825 479 2020 542 aCamerarii
2042 486 2179 545 versione
2201 486 2346 568 differat,

289 579 378 642 snpra
391 581 423 644 p.
437 559 468 624 9.
486 559 608 646 nota”)
622 561 694 624 diri.
708 589 750 608 ·-
776 561 910 644 Epistola
921 563 1133 644 nuncupatoria
1147 563 1187 624 ad
1201 563 1351 626 Ebnerm
1364 565 1421 626 iarn
1434 565 1513 626 inter
1527 565 1600 626 blei.
1618 565 1759 644 epistolas
1772 565 1801 622 in
1818 565 1905 626 buius
1919 567 2009 648 Corp.
2023 565 2157 632 ltetorm.
2173 571 2245 636 vot.
2257 575 2348 641 VIII.

285 665 320 728 p.
335 644 377 710 dl
392 667 459 728 sqq.
477 645 546 708 deta
568 658 631 726 ert,
652 667 671 708 a
692 647 774 710 cuius
793 648 893 710 uerbis
912 659 1013 708 antem
1035 649 1108 708 baec
1130 650 1220 710 editio
1243 670 1301 712 nno
1322 651 1387 710 loco
1409 651 1575 730 discrepet,
1598 668 1708 730 nempe
1730 671 1761 732 p.
1774 647 1828 714 bt.
1853 651 1904 714 lin.
1918 647 1973 714 ³6.
1989 653 2082 734 Corp.
2103 655 2228 720 exbibet
2236 681 2254 719 e·
2269 681 2344 722 ma-

287 731 418 814 ritorto,
439 733 513 796 baec
531 743 630 794 autern
644 733 701 794 Ed.
723 733 738 813 (
760 731 893 810 ¹[Select.
905 733 1084 798 Declamatt.
1096 733 1239 798 Ileiantb.
1251 737 1338 821 'lom
1353 735 1420 812 tv,
1440 736 1471 796 in
1493 756 1551 816 quo
1572 735 1645 797 itein
1668 735 1797 816 legitur,
1819 747 1852 798 nt
1872 740 1902 798 in
1925 739 1990 800 eius
2008 737 2066 802 lid.
2087 743 2211 822 Argunt.
2236 745 2343 814 1566.

287 835 319 900 p.
330 815 395 884 341
409 815 492 904 sqq.)
516 817 621 882 babet:
637 809 839 906 “manilertml

285 965 443 978 *un—⁴

443 1045 607 1100 Ptolemaei
625 1043 747 1098 vestm
764 1041 942 1110 dolum,
966 1053 1034 1096 eost
1050 1041 1265 1096 omentum
1283 1039 1404 1106 tironii
1421 1037 1623 1106 &maeuii
1666 1039 1807 1094 nissam
1831 1041 1866 1095 de
1883 1041 2047 1106 amodo,
2074 1045 2178 1100 rerer
2194 1051 2345 1108 Astrolo.

496 1127 602 1184 aarum
618 1115 699 1166 indic
711 1125 733 1166 o
748 1113 871 1181 retient.
910 1113 1035 1166 aarum
1052 1114 1097 1166 est
1115 1111 1176 1164 Iob.
1196 1112 1324 1165 romam
1342 1111 1503 1176 Dioiopus,
1535 1111 1681 1176 owenus
1698 1111 2147 1180 nemorumnemorum.
2192 1119 2345 1178 cotenu

494 1183 655 1238 mdabat
667 1183 814 1236 lebannes
825 1183 988 1245 orminos.
1021 1179 1192 1234 btrtxntv.
1222 1179 1250 1233 8.
1273 1181 1330 1230 vid.
1345 1177 1501 1234 tiodrnann.
1519 1179 1541 1232 l.
1550 1179 1571 1234 1.
1590 1179 1689 1244 ΜΝ.
1722 1181 1867 1232 liebrielns
1882 1179 1953 1232 aiot
1972 1191 2077 1246 graece
2095 1183 2162 1237 Vol.
2178 1188 2215 1240 V.
2233 1205 2258 1254 p.
2272 1193 2341 1247 289,

497 1264 548 1318 pro
565 1252 610 1304 blo
626 1249 734 1306 duabus
752 1249 918 1307 editionibus
936 1253 1071 1304 memorat
1087 1251 1289 1304 numerarent
1306 1249 1385 1302 toto.

284 1685 585 1768 CLAUDII
616 1677 1597 1783 PTOLIIIIAIIIMATIIIIIIA'I'IGI,
1623 1686 1887 1766 oratus
1911 1689 1994 1768 DE
2020 1691 2341 1777 IUIIIGIIS

810 1823 1282 1905 ASTROLOG1018
1312 1823 1486 1902 LIBRI
1516 1822 1812 1919 QUATUOR

724 1964 1002 2028 rn1n1rro
1036 1961 1431 2028 unnsnrnonn
1464 1959 1892 2047 rnrnnrnnrnu

1100 2151 1266 2214 LIBER
1296 2149 1514 2214 PRIMUS.

280 2335 386 2454 nuo
401 2387 485 2450 sunt
496 2375 607 2474 Syre,
632 2399 697 2470 per
723 2399 815 2472 quae
843 2370 1107 2468 praedictiones
1132 2373 1285 2444 astrolo-

281 2483 382 2578 gicae
397 2493 632 2566 extruuntur,
658 2479 851 2574 praecipua
867 2490 904 2548 et
923 2476 1093 2549 maxima.
1146 2477 1284 2564 Unum,

280 2587 381 2684 qnod
396 2585 557 2680 primum
579 2585 708 2656 ordine
730 2595 804 2667 est,
838 2593 874 2651 et
895 2593 1093 2674 potestate,
1126 2607 1200 2676 quo
1221 2585 1283 2654 de·

279 2685 538 2786 prehendimus
555 2688 718 2784 quolibet
736 2698 898 2778 tempore
915 2697 1037 2756 motus
1055 2683 1148 2756 Solis
1166 2700 1201 2757 et
1210 2683 1283 2758 Ln-

279 2819 350 2866 nae
366 2807 401 2864 et
415 2793 570 2865 aliorum
587 2791 768 2874 siderum,
804 2811 1004 2882 eorumque
1026 2789 1164 2882 positus
1188 2790 1283 2860 inter

280 2923 376 2982 sese,
402 2909 465 2968 aut
478 2907 679 2990 spectantes
693 2905 841 2965 terram.
891 2891 1056 2963 Alterum
1074 2916 1181 2980 vero,
1208 2919 1281 2990 quo

278 2999 520 3086 mutationes,
546 3021 639 3094 quae
657 2995 861 3068 efficiuntur
876 2994 916 3064 in
931 2995 1163 3090 corporibus,
1190 3023 1283 3093 quae

281 3117 486 3198 congruunt
502 3104 548 3172 ad
565 3101 647 3176 illos
659 3101 818 3195 positus,
852 3100 1122 3174 consideramus
1137 3126 1203 3194 per
1218 3126 1282 3172 na-

266 3195 413 3282 'corales
428 3207 620 3304 qualitates
636 3207 808 3280 siderum.
865 3205 985 3300 Atque
1001 3199 1131 3278 harum
1149 3207 1283 3276 doctri·

279 3337 411 3389 narum
429 3311 532 3404 prior
546 3306 656 3381 habet
669 3309 856 3403 propriam
876 3321 1010 3394 artem,
1044 3309 1186 3380 etiamsi
1201 3311 1282 3382 linis

279 3415 456 3488 secundae
472 3413 607 3507 partis,
632 3437 724 3509 quae
745 3413 927 3508 sequitur,
959 3435 1036 3481 non
1061 3413 1214 3494 accedit;
1247 3426 1283 3484 et

278 3517 431 3614 proprio
446 3517 540 3588 libro
558 3516 624 3587 tibi
640 3515 813 3610 explicata
831 3527 903 3598 est,
931 3527 1107 3610 quantum
1121 3517 1200 3586 fieri
1217 3542 1282 3610 po-

280 3623 371 3708 tuit,
394 3621 546 3715 prolatis
563 3617 945 3692 demonstrationibus.

382 3743 489 3816 Nunc
504 3765 592 3812 vero
607 3743 651 3810 de
672 3742 827 3814 secunda
850 3751 955 3834 parte
977 3721 1054 3810 non
1080 3751 1154 3809 tam
1177 3742 1281 3810 firma

280 3861 316 3920 et
330 3847 487 3942 perlecta
502 3845 681 3930 dicemus,
708 3847 819 3917 modo
834 3845 1114 3916 adcommodato
1130 3845 1176 3914 ad
1201 3839 1283 3938 phi·

279 3946 506 4045 losophiam,
531 3961 641 4046 atque
658 3949 708 4018 ita
732 3962 774 4019 ut
795 3972 914 4044 neque
939 3949 1101 4018 conserat
1125 3947 1201 4019 eius
1225 3971 1283 4017 ar-

280 4067 469 4146 gumenta,
495 4077 624 4124 amans
640 4051 822 4138 veritatis,
849 4053 896 4122 ad
916 4051 1169 4124 certitudinem
1194 4053 1282 4122 alte·

278 4157 356 4228 rius
369 4157 541 4227 immotae
556 4155 763 4241 doctrinae,
796 4181 877 4227 cum
901 4156 1073 4249 cogitabit
1096 4155 1283 4226 imbecilli-

279 4271 392 4331 tatem
410 4283 638 4330 eommuuem
662 4271 698 4330 et
719 4259 963 4330 difficultatem
988 4259 1215 4330 coniectandi
1237 4261 1281 4329 de

279 4363 453 4436 materiae
467 4363 715 4460 qualitatibus;
746 4388 865 4460 neque
880 4376 1003 4434 tamen
1016 4365 1181 4458 desperet
1196 4387 1283 4434 eon·

279 4467 558 4552 siderationem,
584 4480 761 4562 quantum
780 4466 960 4560 possibilis
981 4479 1053 4553 est,
1084 4493 1166 4540 cum
1188 4467 1282 4538 mul-

278 4583 335 4642 tos
351 4583 500 4644 eventus
514 4569 695 4664 potiores,
720 4595 762 4642 ac
778 4569 927 4644 maioris
943 4571 1136 4658 momenti,
1162 4571 1202 4642 in
1218 4595 1281 4642 na·

278 4685 360 4746 tura
377 4699 502 4745 rernm
519 4673 707 4745 manifeste
725 4687 900 4769 appareat
916 4673 1006 4746 oriri
1028 4698 1049 4744 a
1070 4699 1175 4748 causa
1201 4699 1280 4747 coe·

277 4775 371 4850 lesti.
416 4777 516 4850 Solet
529 4787 650 4848 autem
665 4775 764 4864 beri,
787 4791 828 4848 ut
842 4789 937 4850 artes
949 4777 1168 4852 difficiliores
1182 4779 1281 4872 vulgi

277 4879 421 4954 indiciis
441 4881 704 4974 vituperentur.
771 4880 809 4951 Si
832 4881 913 4976 quis
933 4893 1053 4952 autem
1076 4882 1279 4952 doctrinam

277 4984 400 5070 illam,
437 5009 547 5078 quam
579 4983 654 5054 (lixi
683 4981 843 5077 prlorem
873 5009 947 5056 esse
972 4985 1100 5056 ordine
1123 4997 1158 5056 et
1179 4999 1281 5078 pote-

264 5099 390 5172 ¹state,
429 5087 692 5172 calumniatur,
730 5087 839 5180 plane
871 5111 996 5159 caecus
1023 5087 1281 5162 existimandus

279 5203 344 5262 est.
410 5187 481 5260 Sed
502 5185 591 5262 haec
614 5191 726 5264 altera
749 5191 888 5264 facilius
910 5187 1126 5285 reprehendi
1149 5205 1281 5288 potest.

316 5423 603 5564 tinaepntpscerpptto
621 5427 808 5484 bretantbonts
833 5427 1057 5496 interpretationi
1080 5424 1205 5500 proxime
1229 5443 1281 5484 su·

1335 2375 1410 2448 Aut
1432 2373 1550 2460 enim,
1583 2373 1669 2468 quia
1693 2375 1898 2448 coniectura
1923 2377 1963 2448 in
1983 2379 2163 2475 aliquibus
2186 2367 2359 2456 difficilisl

1337 2491 1409 2562 est,
1434 2501 1582 2570 prorsus
1595 2480 1731 2550 incerta
1753 2481 1897 2553 dicitur.
1954 2481 2047 2567 alii,
2081 2481 2166 2577 quia
2193 2469 2359 2556 decretal

1336 2581 1444 2652 vitari
1464 2605 1542 2652 non
1561 2595 1731 2674 possunt,
1770 2585 2037 2656 calumniantur
2059 2609 2138 2658 eam
2161 2600 2340 2684 tanquam

1335 2685 1513 2757 inutilem.
1566 2684 1789 2759 Conabimnr
1804 2711 1890 2781 ergo
1905 2689 2063 2762 breviter
2076 2701 2161 2760 ante
2180 2691 2342 2783 particu-
2358 2685 2359 2752 l

1335 2789 1447 2858 larem
1463 2801 1740 2884 praeceptorum
1758 2793 2005 2864 recitationem
2030 2793 2223 2879 disserere,
2250 2793 2359 2892 qna-l

1335 2905 1439 2964 tenus
1464 2905 1500 2962 et
1522 2893 1702 2986 possibilis
1721 2897 1790 2984 sit,
1830 2909 1865 2966 et
1885 2893 1983 2968 utilis
2005 2895 2218 2992 praedictio.
2284 2895 2359 2970 Act

1334 2996 1493 3090 primum
1510 2999 1554 3066 de
1571 2999 1746 3092 possibili.
2035 3088 2038 3097 Ι
2358 3003 2359 3092 l

2358 3109 2359 3148 l

1336 3171 1432 3256 Quod
1472 3169 1520 3239 rit
1556 3169 1674 3264 aliquo
1720 3173 1994 3260 praedictionum
2033 3176 2359 3252 astronomicarum}

1480 3275 1626 3344 edentia
1645 3283 1680 3344 eb
1704 3299 1872 3372 quousque
1889 3277 2054 3370 progredi
2071 3280 2190 3368 percit.
2358 3315 2359 3356 t

1438 3389 1625 3482 Principio
1641 3393 1949 3468 evidentissimum
1965 3411 2038 3481 est,
2058 3410 2185 3467 elnon
2203 3397 2359 3490 indigett

1335 3493 1486 3564 verbosa
1509 3495 1804 3583 confirmatione,
1831 3499 1986 3570 diffundi
2010 3501 2084 3570 uim
2110 3505 2292 3596 quandam
2323 3503 2359 3576 ai

1336 3597 1436 3666 coelo
1459 3597 1498 3666 in
1521 3599 1664 3684 omnia,
1706 3625 1799 3695 qnae
1824 3603 1916 3675 circa
1940 3619 2075 3675 terram
2101 3619 2206 3691 sunt,
2242 3619 2278 3675 et
2302 3608 2359 3678 int

1334 3711 1501 3771 naturam
1519 3703 1780 3776 mutationibus
1797 3707 2004 3792 obnoxiam,
2031 3709 2198 3779 videlicet
2213 3709 2250 3778 in
2267 3713 2359 3802 pria

1335 3827 1394 3873 ma
1414 3805 1611 3890 elementa,
1638 3832 1731 3902 qnae
1747 3810 1814 3879 sub
1829 3809 1933 3882 Luna
1957 3825 2060 3882 sunt:
2094 3811 2133 3882 in
2160 3812 2280 3906 ignem
2308 3833 2351 3889 et

1335 3934 1476 3994 aerem,
1503 3933 1596 4004 quae
1613 3911 1703 3980 coeli
1720 3913 1880 3986 motibus
1905 3915 2109 4007 agitantur,
2139 3917 2351 4014 etreliqua

1334 4013 1506 4082 inferiora
1523 4013 1728 4100 continent,
1752 4029 1788 4087 et
1803 4019 1975 4091 adficiunt
1987 4033 2122 4090 terram
2141 4033 2177 4088 et
2191 4043 2359 4118 aquam,

1334 4117 1476 4212 plantas
1495 4128 1531 4187 et
1545 4115 1757 4193 animantia.
1806 4119 1900 4196 Nam
1921 4137 1957 4194 et
1969 4123 2033 4196 sot
2046 4149 2119 4196 nnn
2137 4149 2219 4194 cum
2237 4127 2359 4212 coelo¹

1333 4245 1475 4314 semper
1498 4220 1604 4291 aliter
1627 4223 1737 4293 afficit
1758 4227 1962 4313 terrestria,
1998 4253 2075 4299 non
2095 4227 2212 4298 solum
2237 4227 2359 4314 iuxtat

1335 4337 1493 4422 quatuor
1507 4325 1601 4396 vices
1618 4327 1724 4432 anni,
1752 4353 1832 4400 curn
1854 4332 1984 4429 quibus
2007 4341 2210 4426 congruunt
2231 4353 2351 4419 gene-

1334 4431 1493 4500 rationes
1525 4431 1788 4518 animantinm,
1827 4435 2033 4528 plantarum
2063 4432 2352 4526 foecunditates,

1334 4557 1514 4630 aquarum
1536 4533 1652 4606 fluxus
1674 4550 1709 4606 et
1731 4561 1926 4632 corporum
1942 4537 2180 4618 mutationes;
2209 4559 2351 4614 verum

1333 4637 1442 4708 etiam
1459 4637 1672 4734 quotidiano
1691 4640 1843 4714 circmtu
1858 4643 2086 4730 calefaciens,
2112 4638 2352 4735 humectans,

1333 4741 1516 4814 desiccans
1538 4755 1574 4812 et
1596 4743 1813 4838 refrigerans
1837 4763 1936 4822 certo
1966 4747 2117 4834 ordine,
2158 4759 2194 4818 et
2225 4751 2350 4822 modo

1333 4847 1571 4918 conveniente
1586 4849 1735 4922 caeteris
1747 4847 1859 4922 stellis
1874 4863 1911 4924 et
1925 4867 2052 4928 nostro
2067 4849 2229 4923 verticuli
2246 4875 2353 4942 pun-

1332 4963 1402 5022 cto.
1430 5023 1432 5032 ,
1455 4949 1596 5022 Lunam
1615 4975 1722 5036 vero,
1746 4965 1787 5023 ut
1804 4957 2009 5048 proximam
2028 4969 2160 5038 terrae,
2186 4953 2349 5030 inlinere

1332 5053 1372 5124 in
1385 5067 1541 5140 terrena,
1555 5067 1706 5148 apparat
1722 5080 1778 5142 eo,
1794 5061 1898 5158 'quod
1913 5061 2070 5154 plurima
2086 5056 2286 5128 animantia
2308 5075 2352 5134 et

1332 5157 1532 5228 inanimata
1553 5157 1714 5230 sentiunt
1735 5161 1809 5231 vim
1834 5162 1983 5236 luminis
2004 5185 2047 5232 ac
2069 5175 2190 5233 motus
2214 5160 2349 5254 ipsius.

1331 5259 1500 5334 Flumina
1531 5275 1696 5336 crescunt
1726 5277 1762 5334 et
1795 5263 2007 5338 decrescunt
2035 5289 2109 5338 una
2133 5289 2214 5336 cum
2238 5263 2359 5356 ipsam

1332 5363 1523 5438 imitantur
1535 5367 1614 5440 eius
1630 5379 1749 5440 ortum
1768 5381 1805 5440 et
1826 5394 2013 5457 comtum,
2047 5369 2159 5442 maris
2179 5367 2343 5446 refluxus

1334 5469 1551 5548 etoIIquus;
1589 5471 1735 5562 plantae
1758 5485 1792 5542 et
1815 5475 2036 5562 animantia,
2070 5471 2127 5542 vel
2149 5485 2245 5557 tota,
2279 5477 2359 5546 vel*
