<?xml version="1.0" encoding="UTF-8"?>
<!DOCTYPE html PUBLIC "-//W3C//DTD XHTML 1.0 Transitional//EN"
    "http://www.w3.org/TR/xhtml1/DTD/xhtml1-transitional.dtd">
<html xmlns="http://www.w3.org/1999/xhtml" xml:lang="en" lang="en">
 <head>
  <title>
</title>
<meta http-equiv="Content-Type" content="text/html;charset=utf-8" />
  <meta name='ocr-system' content='tesseract 3.04.00' />
  <meta name='ocr-capabilities' content='ocr_page ocr_carea ocr_par ocr_line ocrx_word'/>
</head>
<body>
  <div class='ocr_page' id='page_1' title='image "./operauaesupersu00melagoog/operauaesupersu00melagoog_0058.png"; bbox 0 0 4844 6122; ppageno 0'>
   <div class='ocr_carea' id='block_1_1' title="bbox 835 203 1774 332">
    <p class='ocr_par' dir='ltr' id='par_1_1' title="bbox 835 203 1774 332">
     <span class='ocr_line' id='line_1_1' title="bbox 835 203 1774 332; baseline 0.012 -17"><span class='ocrx_word' id='word_1_1' title='bbox 835 327 837 332; x_wconf 56' lang='grc'>,</span> <span class='ocrx_word' id='word_1_2' title='bbox 885 239 1010 318; x_wconf 75' lang='lat' dir='ltr'><strong>eno.</strong></span> <span class='ocrx_word' id='word_1_3' title='bbox 1045 241 1159 317; x_wconf 77' lang='lat' dir='ltr'><strong>uus..</strong></span> <span class='ocrx_word' id='word_1_4' title='bbox 1195 237 1401 317; x_wconf 82' lang='lat' dir='ltr'><strong>suanm</strong></span> <span class='ocrx_word' id='word_1_5' title='bbox 1431 203 1774 326; x_wconf 68' lang='lat' dir='ltr'><strong>urmosootula</strong></span> 
     </span>
    </p>
   </div>
   <div class='ocr_carea' id='block_1_2' title="bbox 2300 253 2364 340">
    <p class='ocr_par' dir='ltr' id='par_1_2' title="bbox 2300 253 2364 340">
     <span class='ocr_line' id='line_1_2' title="bbox 2300 253 2364 340; baseline 0.203 -14"><span class='ocrx_word' id='word_1_6' title='bbox 2300 253 2364 340; x_wconf 79' lang='grc'><strong>84.</strong></span> 
     </span>
    </p>
   </div>
   <div class='ocr_carea' id='block_1_3' title="bbox 243 409 2352 708">
    <p class='ocr_par' dir='ltr' id='par_1_3' title="bbox 243 409 2352 708">
     <span class='ocr_line' id='line_1_3' title="bbox 412 409 2351 517; baseline 0.01 -37"><span class='ocrx_word' id='word_1_7' title='bbox 412 409 587 482; x_wconf 88' lang='lat' dir='ltr'><strong>Saturnus</strong></span> <span class='ocrx_word' id='word_1_8' title='bbox 617 412 713 483; x_wconf 89' lang='lat' dir='ltr'><strong>enim</strong></span> <span class='ocrx_word' id='word_1_9' title='bbox 743 413 935 507; x_wconf 74' lang='lat' dir='ltr'>praecipue</span> <span class='ocrx_word' id='word_1_10' title='bbox 956 427 1098 508; x_wconf 89' lang='lat' dir='ltr'><strong>praeest</strong></span> <span class='ocrx_word' id='word_1_11' title='bbox 1120 416 1201 486; x_wconf 91' lang='lat' dir='ltr'><strong>auri</strong></span> <span class='ocrx_word' id='word_1_12' title='bbox 1223 415 1306 486; x_wconf 83' lang='lat' dir='ltr'><strong>dex-</strong></span> <span class='ocrx_word' id='word_1_13' title='bbox 1358 417 1599 504; x_wconf 89' lang='lat' dir='ltr'><strong>clitabnntnr,</strong></span> <span class='ocrx_word' id='word_1_14' title='bbox 1632 418 1789 490; x_wconf 88' lang='lat' dir='ltr'><strong>maxime</strong></span> <span class='ocrx_word' id='word_1_15' title='bbox 1814 417 1854 488; x_wconf 93' lang='lat' dir='ltr'><strong>in</strong></span> <span class='ocrx_word' id='word_1_16' title='bbox 1871 417 2032 506; x_wconf 87' lang='lat' dir='ltr'><strong>Cancro,</strong></span> <span class='ocrx_word' id='word_1_17' title='bbox 2067 420 2216 517; x_wconf 83' lang='lat' dir='ltr'><strong>Virgine</strong></span> <span class='ocrx_word' id='word_1_18' title='bbox 2242 426 2351 499; x_wconf 84' lang='lat' dir='ltr'><strong>etCa·</strong></span> 
     </span>
     <span class='ocr_line' id='line_1_4' title="bbox 243 513 2352 620; baseline 0.01 -43"><span class='ocrx_word' id='word_1_19' title='bbox 243 611 246 620; x_wconf 63' lang='lat'><strong>,</strong></span> <span class='ocrx_word' id='word_1_20' title='bbox 307 523 406 594; x_wconf 87' lang='lat' dir='ltr'><strong>trae,</strong></span> <span class='ocrx_word' id='word_1_21' title='bbox 434 513 590 599; x_wconf 81' lang='lat' dir='ltr'><strong>vesicae,</strong></span> <span class='ocrx_word' id='word_1_22' title='bbox 616 513 749 608; x_wconf 87' lang='lat' dir='ltr'><strong>spleni,</strong></span> <span class='ocrx_word' id='word_1_23' title='bbox 779 517 931 608; x_wconf 78' lang='lat' dir='ltr'>pituitae</span> <span class='ocrx_word' id='word_1_24' title='bbox 956 532 991 588; x_wconf 88' lang='lat' dir='ltr'><strong>et</strong></span> <span class='ocrx_word' id='word_1_25' title='bbox 1016 517 1173 598; x_wconf 88' lang='lat' dir='ltr'><strong>ossibus;</strong></span> <span class='ocrx_word' id='word_1_26' title='bbox 1209 515 1306 610; x_wconf 92' lang='lat' dir='ltr'><strong>lupi·</strong></span> <span class='ocrx_word' id='word_1_27' title='bbox 1358 521 1544 612; x_wconf 89' lang='lat' dir='ltr'><strong>pricorno.</strong></span> <span class='ocrx_word' id='word_1_28' title='bbox 1594 519 1643 590; x_wconf 86' lang='lat' dir='ltr'><strong>Et</strong></span> <span class='ocrx_word' id='word_1_29' title='bbox 1657 521 1780 592; x_wconf 85' lang='lat' dir='ltr'><strong>iuncta</strong></span> <span class='ocrx_word' id='word_1_30' title='bbox 1797 521 1979 593; x_wconf 87' lang='lat' dir='ltr'><strong>nebulosis</strong></span> <span class='ocrx_word' id='word_1_31' title='bbox 1992 522 2120 611; x_wconf 84' lang='lat' dir='ltr'><strong>Ltrna,</strong></span> <span class='ocrx_word' id='word_1_32' title='bbox 2149 527 2273 601; x_wconf 88' lang='lat' dir='ltr'><strong>oculos</strong></span> <span class='ocrx_word' id='word_1_33' title='bbox 2285 531 2352 602; x_wconf 90' lang='lat' dir='ltr'><strong>lae·</strong></span> 
     </span>
     <span class='ocr_line' id='line_1_5' title="bbox 308 611 2186 708; baseline 0.012 -26"><span class='ocrx_word' id='word_1_34' title='bbox 308 623 365 682; x_wconf 93' lang='lat' dir='ltr'><strong>ter</strong></span> <span class='ocrx_word' id='word_1_35' title='bbox 389 615 520 700; x_wconf 86' lang='lat' dir='ltr'><strong>tactui,</strong></span> <span class='ocrx_word' id='word_1_36' title='bbox 555 619 740 708; x_wconf 89' lang='lat' dir='ltr'><strong>pulmoni,</strong></span> <span class='ocrx_word' id='word_1_37' title='bbox 780 619 920 690; x_wconf 87' lang='lat' dir='ltr'><strong>arteriis</strong></span> <span class='ocrx_word' id='word_1_38' title='bbox 951 633 987 692; x_wconf 90' lang='lat' dir='ltr'><strong>et</strong></span> <span class='ocrx_word' id='word_1_39' title='bbox 1015 621 1164 701; x_wconf 88' lang='lat' dir='ltr'><strong>semini;</strong></span> <span class='ocrx_word' id='word_1_40' title='bbox 1207 619 1307 691; x_wconf 91' lang='lat' dir='ltr'><strong>Mars</strong></span> <span class='ocrx_word' id='word_1_41' title='bbox 1359 625 1421 693; x_wconf 93' lang='lat' dir='ltr'><strong>det</strong></span> <span class='ocrx_word' id='word_1_42' title='bbox 1433 636 1469 694; x_wconf 92' lang='lat' dir='ltr'><strong>et</strong></span> <span class='ocrx_word' id='word_1_43' title='bbox 1485 647 1567 694; x_wconf 90' lang='lat' dir='ltr'><strong>com</strong></span> <span class='ocrx_word' id='word_1_44' title='bbox 1582 611 1686 695; x_wconf 73' lang='lat' dir='ltr'><strong>Ituna</strong></span> <span class='ocrx_word' id='word_1_45' title='bbox 1702 624 1741 694; x_wconf 91' lang='lat' dir='ltr'><strong>in</strong></span> <span class='ocrx_word' id='word_1_46' title='bbox 1758 635 1841 694; x_wconf 91' lang='lat' dir='ltr'><strong>ortu</strong></span> <span class='ocrx_word' id='word_1_47' title='bbox 1857 623 1969 694; x_wconf 89' lang='lat' dir='ltr'><strong>Marti</strong></span> <span class='ocrx_word' id='word_1_48' title='bbox 1986 626 2106 698; x_wconf 91' lang='lat' dir='ltr'><strong>iuncta</strong></span> <span class='ocrx_word' id='word_1_49' title='bbox 2122 641 2186 704; x_wconf 90' lang='lat' dir='ltr'><strong>est.</strong></span> 
     </span>
    </p>
   </div>
   <div class='ocr_carea' id='block_1_4' title="bbox 299 716 1310 1328">
    <p class='ocr_par' dir='ltr' id='par_1_4' title="bbox 299 716 1310 1328">
     <span class='ocr_line' id='line_1_6' title="bbox 310 716 1307 807; baseline 0.008 -23"><span class='ocrx_word' id='word_1_50' title='bbox 310 716 390 785; x_wconf 90' lang='lat' dir='ltr'><strong>auri</strong></span> <span class='ocrx_word' id='word_1_51' title='bbox 414 717 599 803; x_wconf 90' lang='lat' dir='ltr'><strong>sinistrae,</strong></span> <span class='ocrx_word' id='word_1_52' title='bbox 631 719 797 805; x_wconf 77' lang='lat' dir='ltr'><strong>renibus,</strong></span> <span class='ocrx_word' id='word_1_53' title='bbox 839 723 959 807; x_wconf 86' lang='lat' dir='ltr'><strong>venis,</strong></span> <span class='ocrx_word' id='word_1_54' title='bbox 1002 723 1174 794; x_wconf 87' lang='lat' dir='ltr'><strong>membris</strong></span> <span class='ocrx_word' id='word_1_55' title='bbox 1196 723 1307 792; x_wconf 91' lang='lat' dir='ltr'><strong>virili-</strong></span> 
     </span>
     <span class='ocr_line' id='line_1_7' title="bbox 299 819 1308 910; baseline 0.008 -22"><span class='ocrx_word' id='word_1_56' title='bbox 299 820 396 898; x_wconf 78' lang='lat' dir='ltr'><strong>·bns;</strong></span> <span class='ocrx_word' id='word_1_57' title='bbox 427 819 489 890; x_wconf 88' lang='lat' dir='ltr'><strong>Sol</strong></span> <span class='ocrx_word' id='word_1_58' title='bbox 507 823 639 907; x_wconf 90' lang='lat' dir='ltr'><strong>oculis,</strong></span> <span class='ocrx_word' id='word_1_59' title='bbox 672 824 839 909; x_wconf 90' lang='lat' dir='ltr'><strong>cerebro,</strong></span> <span class='ocrx_word' id='word_1_60' title='bbox 871 825 992 910; x_wconf 89' lang='lat' dir='ltr'><strong>cordi,</strong></span> <span class='ocrx_word' id='word_1_61' title='bbox 1024 825 1146 898; x_wconf 71' lang='lat' dir='ltr'><strong>nemis</strong></span> <span class='ocrx_word' id='word_1_62' title='bbox 1166 837 1203 896; x_wconf 91' lang='lat' dir='ltr'><strong>et</strong></span> <span class='ocrx_word' id='word_1_63' title='bbox 1225 827 1308 896; x_wconf 91' lang='lat' dir='ltr'><strong>dex·</strong></span> 
     </span>
     <span class='ocr_line' id='line_1_8' title="bbox 309 923 1308 1022; baseline 0.009 -32"><span class='ocrx_word' id='word_1_64' title='bbox 309 933 387 990; x_wconf 91' lang='lat' dir='ltr'><strong>trae</strong></span> <span class='ocrx_word' id='word_1_65' title='bbox 411 923 505 1014; x_wconf 89' lang='lat' dir='ltr'><strong>parti</strong></span> <span class='ocrx_word' id='word_1_66' title='bbox 528 926 734 1008; x_wconf 87' lang='lat' dir='ltr'><strong>universae;</strong></span> <span class='ocrx_word' id='word_1_67' title='bbox 766 926 889 998; x_wconf 82' lang='lat' dir='ltr'><strong>Venus</strong></span> <span class='ocrx_word' id='word_1_68' title='bbox 913 928 1081 1013; x_wconf 82' lang='lat' dir='ltr'><strong>olfactui,</strong></span> <span class='ocrx_word' id='word_1_69' title='bbox 1113 925 1308 1022; x_wconf 80' lang='lat' dir='ltr'><strong>hepati¹&#39;),</strong></span> 
     </span>
     <span class='ocr_line' id='line_1_9' title="bbox 310 1023 1309 1126; baseline 0.005 -32"><span class='ocrx_word' id='word_1_70' title='bbox 310 1023 428 1105; x_wconf 68' lang='lat' dir='ltr'><strong>carnis</strong></span> <span class='ocrx_word' id='word_1_71' title='bbox 460 1025 662 1101; x_wconf 87' lang='lat' dir='ltr'><strong>Mercurius</strong></span> <span class='ocrx_word' id='word_1_72' title='bbox 679 1029 857 1116; x_wconf 90' lang='lat' dir='ltr'><strong>orationi,</strong></span> <span class='ocrx_word' id='word_1_73' title='bbox 890 1031 1022 1116; x_wconf 91' lang='lat' dir='ltr'><strong>menti,</strong></span> <span class='ocrx_word' id='word_1_74' title='bbox 1052 1031 1218 1126; x_wconf 90' lang='lat' dir='ltr'><strong>linguae,</strong></span> <span class='ocrx_word' id='word_1_75' title='bbox 1243 1031 1309 1101; x_wconf 92' lang='lat' dir='ltr'><strong>bili</strong></span> 
     </span>
     <span class='ocr_line' id='line_1_10' title="bbox 310 1127 1310 1224; baseline 0.006 -27"><span class='ocrx_word' id='word_1_76' title='bbox 310 1139 343 1197; x_wconf 89' lang='lat' dir='ltr'><strong>et</strong></span> <span class='ocrx_word' id='word_1_77' title='bbox 359 1129 452 1208; x_wconf 86' lang='lat' dir='ltr'><strong>sedi;</strong></span> <span class='ocrx_word' id='word_1_78' title='bbox 486 1127 747 1224; x_wconf 80' lang='lat' dir='ltr'><strong>lmnagustni,</strong></span> <span class='ocrx_word' id='word_1_79' title='bbox 773 1133 897 1224; x_wconf 85' lang='lat' dir='ltr'><strong>gulae,</strong></span> <span class='ocrx_word' id='word_1_80' title='bbox 931 1129 1140 1220; x_wconf 76' lang='lat' dir='ltr'><strong>stomacho,</strong></span> <span class='ocrx_word' id='word_1_81' title='bbox 1173 1135 1310 1206; x_wconf 89' lang='lat' dir='ltr'><strong>ventri·</strong></span> 
     </span>
     <span class='ocr_line' id='line_1_11' title="bbox 310 1231 1144 1328; baseline 0.012 -28"><span class='ocrx_word' id='word_1_82' title='bbox 310 1231 410 1314; x_wconf 90' lang='lat' dir='ltr'><strong>culo,</strong></span> <span class='ocrx_word' id='word_1_83' title='bbox 437 1233 580 1302; x_wconf 90' lang='lat' dir='ltr'><strong>matrici</strong></span> <span class='ocrx_word' id='word_1_84' title='bbox 595 1247 631 1304; x_wconf 90' lang='lat' dir='ltr'><strong>et</strong></span> <span class='ocrx_word' id='word_1_85' title='bbox 647 1233 814 1307; x_wconf 76' lang='lat' dir='ltr'>sinistrae</span> <span class='ocrx_word' id='word_1_86' title='bbox 832 1237 928 1328; x_wconf 91' lang='lat' dir='ltr'><strong>parti</strong></span> <span class='ocrx_word' id='word_1_87' title='bbox 942 1237 1144 1310; x_wconf 88' lang='lat' dir='ltr'><strong>universae.</strong></span> 
     </span>
    </p>
   </div>
   <div class='ocr_carea' id='block_1_5' title="bbox 309 1347 1312 1742">
    <p class='ocr_par' dir='ltr' id='par_1_5' title="bbox 309 1347 1312 1742">
     <span class='ocr_line' id='line_1_12' title="bbox 408 1347 1311 1452; baseline 0.008 -33"><span class='ocrx_word' id='word_1_88' title='bbox 408 1347 605 1424; x_wconf 86' lang='lat' dir='ltr'><strong>·Laesiones</strong></span> <span class='ocrx_word' id='word_1_89' title='bbox 623 1365 744 1424; x_wconf 89' lang='lat' dir='ltr'><strong>autem</strong></span> <span class='ocrx_word' id='word_1_90' title='bbox 758 1355 973 1448; x_wconf 80' lang='lat' dir='ltr'><strong>generaliter</strong></span> <span class='ocrx_word' id='word_1_91' title='bbox 988 1357 1201 1452; x_wconf 89' lang='lat' dir='ltr'><strong>plerumque</strong></span> <span class='ocrx_word' id='word_1_92' title='bbox 1220 1357 1311 1427; x_wconf 87' lang='lat' dir='ltr'><strong>acci-</strong></span> 
     </span>
     <span class='ocr_line' id='line_1_13' title="bbox 310 1453 1310 1554; baseline 0.01 -34"><span class='ocrx_word' id='word_1_93' title='bbox 310 1453 420 1537; x_wconf 88' lang='lat' dir='ltr'><strong>dunt,</strong></span> <span class='ocrx_word' id='word_1_94' title='bbox 447 1477 528 1524; x_wconf 89' lang='lat' dir='ltr'><strong>cnm</strong></span> <span class='ocrx_word' id='word_1_95' title='bbox 543 1455 726 1528; x_wconf 84' lang='lat' dir='ltr'><strong>maleficae</strong></span> <span class='ocrx_word' id='word_1_96' title='bbox 741 1457 883 1543; x_wconf 86' lang='lat' dir='ltr'><strong>stellae,</strong></span> <span class='ocrx_word' id='word_1_97' title='bbox 919 1483 1011 1554; x_wconf 89' lang='lat' dir='ltr'><strong>quae</strong></span> <span class='ocrx_word' id='word_1_98' title='bbox 1037 1483 1179 1531; x_wconf 85' lang='lat' dir='ltr'><strong>causam</strong></span> <span class='ocrx_word' id='word_1_99' title='bbox 1206 1483 1310 1554; x_wconf 88' lang='lat' dir='ltr'><strong>prae·</strong></span> 
     </span>
     <span class='ocr_line' id='line_1_14' title="bbox 309 1557 1312 1641; baseline 0.008 -17"><span class='ocrx_word' id='word_1_100' title='bbox 309 1557 414 1641; x_wconf 88' lang='lat' dir='ltr'><strong>beot,</strong></span> <span class='ocrx_word' id='word_1_101' title='bbox 439 1569 525 1630; x_wconf 91' lang='lat' dir='ltr'><strong>sunt</strong></span> <span class='ocrx_word' id='word_1_102' title='bbox 542 1557 745 1632; x_wconf 81' lang='lat' dir='ltr'><strong>orientales.</strong></span> <span class='ocrx_word' id='word_1_103' title='bbox 783 1559 905 1632; x_wconf 84' lang='lat' dir='ltr'>Morbi</span> <span class='ocrx_word' id='word_1_104' title='bbox 922 1585 1008 1632; x_wconf 92' lang='lat' dir='ltr'><strong>vero</strong></span> <span class='ocrx_word' id='word_1_105' title='bbox 1026 1561 1192 1633; x_wconf 85' lang='lat' dir='ltr'><strong>accidunt</strong></span> <span class='ocrx_word' id='word_1_106' title='bbox 1205 1587 1312 1634; x_wconf 90' lang='lat' dir='ltr'><strong>econ-</strong></span> 
     </span>
     <span class='ocr_line' id='line_1_15' title="bbox 310 1663 1007 1742; baseline 0.016 -16"><span class='ocrx_word' id='word_1_107' title='bbox 310 1669 389 1742; x_wconf 88' lang='lat' dir='ltr'><strong>tm,</strong></span> <span class='ocrx_word' id='word_1_108' title='bbox 416 1683 498 1730; x_wconf 90' lang='lat' dir='ltr'><strong>cum</strong></span> <span class='ocrx_word' id='word_1_109' title='bbox 516 1685 644 1732; x_wconf 89' lang='lat' dir='ltr'><strong>causae</strong></span> <span class='ocrx_word' id='word_1_110' title='bbox 657 1675 742 1734; x_wconf 90' lang='lat' dir='ltr'><strong>sunt</strong></span> <span class='ocrx_word' id='word_1_111' title='bbox 758 1663 1007 1737; x_wconf 88' lang='lat' dir='ltr'><strong>occidentales.</strong></span> 
     </span>
    </p>
   </div>
   <div class='ocr_carea' id='block_1_6' title="bbox 310 1777 1312 2187">
    <p class='ocr_par' dir='ltr' id='par_1_6' title="bbox 310 1777 1312 2187">
     <span class='ocr_line' id='line_1_16' title="bbox 412 1777 1312 1858; baseline 0.003 -9"><span class='ocrx_word' id='word_1_112' title='bbox 412 1777 595 1852; x_wconf 82' lang='lat' dir='ltr'><strong>Differunt</strong></span> <span class='ocrx_word' id='word_1_113' title='bbox 612 1780 708 1852; x_wconf 89' lang='lat' dir='ltr'><strong>enim</strong></span> <span class='ocrx_word' id='word_1_114' title='bbox 725 1779 813 1852; x_wconf 91' lang='lat' dir='ltr'><strong>haee</strong></span> <span class='ocrx_word' id='word_1_115' title='bbox 827 1781 924 1853; x_wconf 89' lang='lat' dir='ltr'><strong>inter</strong></span> <span class='ocrx_word' id='word_1_116' title='bbox 939 1809 989 1858; x_wconf 91' lang='lat' dir='ltr'><strong>se.</strong></span> <span class='ocrx_word' id='word_1_117' title='bbox 1047 1779 1177 1855; x_wconf 84' lang='lat' dir='ltr'><strong>Laesio</strong></span> <span class='ocrx_word' id='word_1_118' title='bbox 1201 1784 1312 1854; x_wconf 90' lang='lat' dir='ltr'><strong>semel</strong></span> 
     </span>
     <span class='ocr_line' id='line_1_17' title="bbox 311 1881 1309 1982; baseline 0.004 -30"><span class='ocrx_word' id='word_1_119' title='bbox 311 1881 513 1977; x_wconf 77' lang='lat' dir='ltr'><strong>corrumpit</strong></span> <span class='ocrx_word' id='word_1_120' title='bbox 531 1884 735 1956; x_wconf 84' lang='lat' dir='ltr'><strong>membrum</strong></span> <span class='ocrx_word' id='word_1_121' title='bbox 756 1885 926 1982; x_wconf 82' lang='lat' dir='ltr'><strong>aliquod,</strong></span> <span class='ocrx_word' id='word_1_122' title='bbox 958 1911 1025 1956; x_wconf 91' lang='lat' dir='ltr'><strong>nec</strong></span> <span class='ocrx_word' id='word_1_123' title='bbox 1047 1887 1164 1956; x_wconf 78' lang='lat' dir='ltr'><strong>adfert</strong></span> <span class='ocrx_word' id='word_1_124' title='bbox 1186 1898 1309 1978; x_wconf 90' lang='lat' dir='ltr'><strong>postea</strong></span> 
     </span>
     <span class='ocr_line' id='line_1_18' title="bbox 310 1984 1312 2078; baseline 0.006 -23"><span class='ocrx_word' id='word_1_125' title='bbox 310 1984 488 2056; x_wconf 90' lang='lat' dir='ltr'><strong>cruciatus</strong></span> <span class='ocrx_word' id='word_1_126' title='bbox 501 1984 762 2078; x_wconf 68' lang='lat' dir='ltr'><strong>intensionem</strong></span> <span class='ocrx_word' id='word_1_127' title='bbox 796 1990 944 2060; x_wconf 88' lang='lat' dir='ltr'><strong>morbus</strong></span> <span class='ocrx_word' id='word_1_128' title='bbox 964 2013 1050 2060; x_wconf 90' lang='lat' dir='ltr'><strong>vero</strong></span> <span class='ocrx_word' id='word_1_129' title='bbox 1072 2001 1136 2060; x_wconf 95' lang='lat' dir='ltr'><strong>aut</strong></span> <span class='ocrx_word' id='word_1_130' title='bbox 1159 1987 1312 2074; x_wconf 80' lang='lat' dir='ltr'><strong>assidue,</strong></span> 
     </span>
     <span class='ocr_line' id='line_1_19' title="bbox 311 2087 1098 2187; baseline 0.008 -29"><span class='ocrx_word' id='word_1_131' title='bbox 311 2101 373 2160; x_wconf 91' lang='lat' dir='ltr'><strong>aut</strong></span> <span class='ocrx_word' id='word_1_132' title='bbox 389 2113 455 2187; x_wconf 89' lang='lat' dir='ltr'><strong>per</strong></span> <span class='ocrx_word' id='word_1_133' title='bbox 468 2087 679 2177; x_wconf 86' lang='lat' dir='ltr'><strong>intervalla,</strong></span> <span class='ocrx_word' id='word_1_134' title='bbox 705 2105 891 2187; x_wconf 87' lang='lat' dir='ltr'><strong>correptos</strong></span> <span class='ocrx_word' id='word_1_135' title='bbox 907 2091 1098 2166; x_wconf 87' lang='lat' dir='ltr'><strong>excruciat.</strong></span> 
     </span>
    </p>
   </div>
   <div class='ocr_carea' id='block_1_7' title="bbox 310 2209 1313 2719">
    <p class='ocr_par' dir='ltr' id='par_1_7' title="bbox 310 2209 1313 2719">
     <span class='ocr_line' id='line_1_20' title="bbox 413 2209 1310 2308; baseline 0.002 -28"><span class='ocrx_word' id='word_1_136' title='bbox 413 2209 484 2280; x_wconf 85' lang='lat' dir='ltr'><strong>Sed</strong></span> <span class='ocrx_word' id='word_1_137' title='bbox 509 2212 556 2282; x_wconf 89' lang='lat' dir='ltr'><strong>ad</strong></span> <span class='ocrx_word' id='word_1_138' title='bbox 579 2211 834 2305; x_wconf 76' lang='lat' dir='ltr'><strong>particularem</strong></span> <span class='ocrx_word' id='word_1_139' title='bbox 864 2213 1108 2284; x_wconf 88' lang='lat' dir='ltr'><strong>coniecturam</strong></span> <span class='ocrx_word' id='word_1_140' title='bbox 1132 2213 1310 2308; x_wconf 84' lang='lat' dir='ltr'><strong>quaedam</strong></span> 
     </span>
     <span class='ocr_line' id='line_1_21' title="bbox 311 2311 1310 2410; baseline 0.004 -28"><span class='ocrx_word' id='word_1_141' title='bbox 311 2311 502 2408; x_wconf 89' lang='lat' dir='ltr'><strong>requirunt</strong></span> <span class='ocrx_word' id='word_1_142' title='bbox 534 2315 824 2388; x_wconf 86' lang='lat' dir='ltr'><strong>observationem</strong></span> <span class='ocrx_word' id='word_1_143' title='bbox 856 2316 1103 2410; x_wconf 75' lang='lat' dir='ltr'><strong>singularem,</strong></span> <span class='ocrx_word' id='word_1_144' title='bbox 1154 2339 1310 2410; x_wconf 92' lang='lat' dir='ltr'><strong>quorum</strong></span> 
     </span>
     <span class='ocr_line' id='line_1_22' title="bbox 311 2415 1313 2516; baseline 0.003 -30"><span class='ocrx_word' id='word_1_145' title='bbox 311 2415 558 2490; x_wconf 90' lang='lat' dir='ltr'><strong>membrorum</strong></span> <span class='ocrx_word' id='word_1_146' title='bbox 574 2431 611 2490; x_wconf 90' lang='lat' dir='ltr'><strong>et</strong></span> <span class='ocrx_word' id='word_1_147' title='bbox 628 2419 745 2516; x_wconf 89' lang='lat' dir='ltr'><strong>qualis</strong></span> <span class='ocrx_word' id='word_1_148' title='bbox 759 2419 871 2494; x_wconf 89' lang='lat' dir='ltr'><strong>laesio</strong></span> <span class='ocrx_word' id='word_1_149' title='bbox 885 2421 1007 2490; x_wconf 83' lang='lat' dir='ltr'><strong>lutura</strong></span> <span class='ocrx_word' id='word_1_150' title='bbox 1023 2418 1089 2504; x_wconf 92' lang='lat' dir='ltr'><strong>sit,</strong></span> <span class='ocrx_word' id='word_1_151' title='bbox 1115 2431 1179 2490; x_wconf 91' lang='lat' dir='ltr'><strong>aut</strong></span> <span class='ocrx_word' id='word_1_152' title='bbox 1195 2417 1313 2514; x_wconf 88' lang='lat' dir='ltr'><strong>qualis</strong></span> 
     </span>
     <span class='ocr_line' id='line_1_23' title="bbox 310 2519 1312 2618; baseline 0.004 -30"><span class='ocrx_word' id='word_1_153' title='bbox 310 2519 478 2603; x_wconf 86' lang='lat' dir='ltr'><strong>morbus;</strong></span> <span class='ocrx_word' id='word_1_154' title='bbox 515 2535 717 2618; x_wconf 88' lang='lat' dir='ltr'><strong>sequuntur</strong></span> <span class='ocrx_word' id='word_1_155' title='bbox 744 2521 841 2594; x_wconf 91' lang='lat' dir='ltr'><strong>enim</strong></span> <span class='ocrx_word' id='word_1_156' title='bbox 873 2521 1069 2600; x_wconf 88' lang='lat' dir='ltr'><strong>accidentia</strong></span> <span class='ocrx_word' id='word_1_157' title='bbox 1098 2521 1312 2618; x_wconf 89' lang='lat' dir='ltr'><strong>plerumque</strong></span> 
     </span>
     <span class='ocr_line' id='line_1_24' title="bbox 310 2622 815 2719; baseline 0.006 -25"><span class='ocrx_word' id='word_1_158' title='bbox 310 2622 446 2697; x_wconf 91' lang='lat' dir='ltr'><strong>similes</strong></span> <span class='ocrx_word' id='word_1_159' title='bbox 460 2625 601 2719; x_wconf 89' lang='lat' dir='ltr'><strong>positus</strong></span> <span class='ocrx_word' id='word_1_160' title='bbox 616 2627 815 2698; x_wconf 89' lang='lat' dir='ltr'><strong>stellarum.</strong></span> 
     </span>
    </p>
   </div>
   <div class='ocr_carea' id='block_1_8' title="bbox 253 2741 1330 5341">
    <p class='ocr_par' dir='ltr' id='par_1_8' title="bbox 253 2741 1330 4709">
     <span class='ocr_line' id='line_1_25' title="bbox 414 2741 1312 2830; baseline -0.003 -14"><span class='ocrx_word' id='word_1_161' title='bbox 414 2743 577 2817; x_wconf 90' lang='lat' dir='ltr'><strong>Caecitas</strong></span> <span class='ocrx_word' id='word_1_162' title='bbox 597 2744 744 2818; x_wconf 87' lang='lat' dir='ltr'><strong>alterius</strong></span> <span class='ocrx_word' id='word_1_163' title='bbox 766 2742 862 2817; x_wconf 85' lang='lat' dir='ltr'><strong>ocsrli</strong></span> <span class='ocrx_word' id='word_1_164' title='bbox 883 2745 943 2830; x_wconf 88' lang='lat' dir='ltr'><strong>lit,</strong></span> <span class='ocrx_word' id='word_1_165' title='bbox 977 2769 1058 2816; x_wconf 90' lang='lat' dir='ltr'><strong>cum</strong></span> <span class='ocrx_word' id='word_1_166' title='bbox 1083 2741 1187 2816; x_wconf 82' lang='lat' dir='ltr'><strong>Luna</strong></span> <span class='ocrx_word' id='word_1_167' title='bbox 1214 2743 1312 2815; x_wconf 92' lang='lat' dir='ltr'><strong>edito</strong></span> 
     </span>
     <span class='ocr_line' id='line_1_26' title="bbox 310 2847 1330 2942; baseline 0.002 -26"><span class='ocrx_word' id='word_1_168' title='bbox 310 2859 421 2942; x_wconf 89' lang='lat' dir='ltr'><strong>partu</strong></span> <span class='ocrx_word' id='word_1_169' title='bbox 436 2860 489 2922; x_wconf 88' lang='lat' dir='ltr'><strong>est</strong></span> <span class='ocrx_word' id='word_1_170' title='bbox 505 2848 546 2918; x_wconf 92' lang='lat' dir='ltr'><strong>in</strong></span> <span class='ocrx_word' id='word_1_171' title='bbox 560 2847 675 2920; x_wconf 90' lang='lat' dir='ltr'><strong>altero</strong></span> <span class='ocrx_word' id='word_1_172' title='bbox 691 2849 893 2934; x_wconf 80' lang='lat' dir='ltr'><strong>cardinum,</strong></span> <span class='ocrx_word' id='word_1_173' title='bbox 914 2861 977 2920; x_wconf 85' lang='lat' dir='ltr'><strong>aut</strong></span> <span class='ocrx_word' id='word_1_174' title='bbox 992 2848 1030 2919; x_wconf 92' lang='lat' dir='ltr'><strong>in</strong></span> <span class='ocrx_word' id='word_1_175' title='bbox 1045 2847 1330 2932; x_wconf 86' lang='lat' dir='ltr'><strong>coniunctione„</strong></span> 
     </span>
     <span class='ocr_line' id='line_1_27' title="bbox 312 2949 1312 3050; baseline -0.003 -28"><span class='ocrx_word' id='word_1_176' title='bbox 312 2963 377 3024; x_wconf 87' lang='lat' dir='ltr'><strong>aut</strong></span> <span class='ocrx_word' id='word_1_177' title='bbox 400 2949 441 3024; x_wconf 91' lang='lat' dir='ltr'><strong>in</strong></span> <span class='ocrx_word' id='word_1_178' title='bbox 466 2951 715 3046; x_wconf 69' lang='lat' dir='ltr'><strong>oppositiones</strong></span> <span class='ocrx_word' id='word_1_179' title='bbox 746 2977 810 3028; x_wconf 89' lang='lat' dir='ltr'><strong>seu</strong></span> <span class='ocrx_word' id='word_1_180' title='bbox 834 2954 981 3050; x_wconf 86' lang='lat' dir='ltr'><strong>quando</strong></span> <span class='ocrx_word' id='word_1_181' title='bbox 1003 2951 1115 3025; x_wconf 90' lang='lat' dir='ltr'><strong>estin</strong></span> <span class='ocrx_word' id='word_1_182' title='bbox 1137 2952 1312 3024; x_wconf 88' lang='lat' dir='ltr'><strong>alterutro</strong></span> 
     </span>
     <span class='ocr_line' id='line_1_28' title="bbox 253 3049 1312 3153; baseline -0.001 -27"><span class='ocrx_word' id='word_1_183' title='bbox 253 3049 256 3056; x_wconf 62' lang='grc'>’</span> <span class='ocrx_word' id='word_1_184' title='bbox 309 3055 431 3142; x_wconf 72' lang='lat' dir='ltr'><strong>loco,</strong></span> <span class='ocrx_word' id='word_1_185' title='bbox 461 3055 525 3130; x_wconf 85' lang='lat' dir='ltr'><strong>ubi</strong></span> <span class='ocrx_word' id='word_1_186' title='bbox 548 3055 668 3130; x_wconf 90' lang='lat' dir='ltr'><strong>Solem</strong></span> <span class='ocrx_word' id='word_1_187' title='bbox 702 3057 873 3150; x_wconf 89' lang='lat' dir='ltr'><strong>adspectu</strong></span> <span class='ocrx_word' id='word_1_188' title='bbox 903 3055 1027 3153; x_wconf 88' lang='lat' dir='ltr'><strong>aliquo</strong></span> <span class='ocrx_word' id='word_1_189' title='bbox 1059 3054 1230 3149; x_wconf 87' lang='lat' dir='ltr'><strong>adspicit,</strong></span> <span class='ocrx_word' id='word_1_190' title='bbox 1278 3067 1312 3126; x_wconf 93' lang='lat' dir='ltr'><strong>et</strong></span> 
     </span>
     <span class='ocr_line' id='line_1_29' title="bbox 312 3160 1312 3256; baseline -0.004 -23"><span class='ocrx_word' id='word_1_191' title='bbox 312 3161 460 3254; x_wconf 85' lang='lat' dir='ltr'><strong>quando</strong></span> <span class='ocrx_word' id='word_1_192' title='bbox 475 3161 641 3256; x_wconf 90' lang='lat' dir='ltr'><strong>copulata</strong></span> <span class='ocrx_word' id='word_1_193' title='bbox 657 3172 711 3234; x_wconf 89' lang='lat' dir='ltr'><strong>est</strong></span> <span class='ocrx_word' id='word_1_194' title='bbox 725 3161 833 3232; x_wconf 90' lang='lat' dir='ltr'><strong>alicui</strong></span> <span class='ocrx_word' id='word_1_195' title='bbox 848 3161 1106 3234; x_wconf 89' lang='lat' dir='ltr'><strong>nebulosarum</strong></span> <span class='ocrx_word' id='word_1_196' title='bbox 1126 3160 1312 3230; x_wconf 91' lang='lat' dir='ltr'><strong>stellarum</strong></span> 
     </span>
     <span class='ocr_line' id='line_1_30' title="bbox 311 3261 1313 3358; baseline 0 -26"><span class='ocrx_word' id='word_1_197' title='bbox 311 3263 351 3332; x_wconf 90' lang='lat' dir='ltr'><strong>in</strong></span> <span class='ocrx_word' id='word_1_198' title='bbox 368 3264 547 3350; x_wconf 78' lang='lat' dir='ltr'><strong>zodiaco,</strong></span> <span class='ocrx_word' id='word_1_199' title='bbox 573 3277 615 3336; x_wconf 89' lang='lat' dir='ltr'><strong>ut</strong></span> <span class='ocrx_word' id='word_1_200' title='bbox 629 3264 780 3351; x_wconf 89' lang='lat' dir='ltr'><strong>Cancri,</strong></span> <span class='ocrx_word' id='word_1_201' title='bbox 805 3277 868 3337; x_wconf 93' lang='lat' dir='ltr'><strong>aut</strong></span> <span class='ocrx_word' id='word_1_202' title='bbox 883 3264 1093 3350; x_wconf 86' lang='lat' dir='ltr'><strong>Pleiadum,</strong></span> <span class='ocrx_word' id='word_1_203' title='bbox 1118 3276 1182 3336; x_wconf 89' lang='lat' dir='ltr'><strong>aut</strong></span> <span class='ocrx_word' id='word_1_204' title='bbox 1197 3261 1313 3358; x_wconf 89' lang='lat' dir='ltr'><strong>cuspi-</strong></span> 
     </span>
     <span class='ocr_line' id='line_1_31' title="bbox 312 3367 1313 3464; baseline -0.011 -17"><span class='ocrx_word' id='word_1_205' title='bbox 312 3367 584 3464; x_wconf 78' lang='lat' dir='ltr'><strong>disSegittarii,</strong></span> <span class='ocrx_word' id='word_1_206' title='bbox 609 3381 674 3441; x_wconf 90' lang='lat' dir='ltr'><strong>aut</strong></span> <span class='ocrx_word' id='word_1_207' title='bbox 687 3370 800 3440; x_wconf 92' lang='lat' dir='ltr'><strong>aculei</strong></span> <span class='ocrx_word' id='word_1_208' title='bbox 809 3368 964 3461; x_wconf 91' lang='lat' dir='ltr'><strong>Scorpii,</strong></span> <span class='ocrx_word' id='word_1_209' title='bbox 980 3381 1043 3440; x_wconf 88' lang='lat' dir='ltr'><strong>aut</strong></span> <span class='ocrx_word' id='word_1_210' title='bbox 1063 3391 1189 3438; x_wconf 90' lang='lat' dir='ltr'><strong>comae</strong></span> <span class='ocrx_word' id='word_1_211' title='bbox 1202 3367 1313 3438; x_wconf 88' lang='lat' dir='ltr'><strong>Bere-</strong></span> 
     </span>
     <span class='ocr_line' id='line_1_32' title="bbox 311 3468 1315 3567; baseline -0.007 -19"><span class='ocrx_word' id='word_1_212' title='bbox 311 3475 432 3560; x_wconf 83' lang='lat' dir='ltr'><strong>nices,</strong></span> <span class='ocrx_word' id='word_1_213' title='bbox 463 3497 574 3567; x_wconf 83' lang='lat' dir='ltr'><strong>supra</strong></span> <span class='ocrx_word' id='word_1_214' title='bbox 593 3470 777 3557; x_wconf 86' lang='lat' dir='ltr'><strong>Leonem,</strong></span> <span class='ocrx_word' id='word_1_215' title='bbox 818 3485 882 3544; x_wconf 90' lang='lat' dir='ltr'><strong>aot</strong></span> <span class='ocrx_word' id='word_1_216' title='bbox 902 3495 1017 3544; x_wconf 85' lang='lat' dir='ltr'><strong>urnae</strong></span> <span class='ocrx_word' id='word_1_217' title='bbox 1036 3471 1204 3567; x_wconf 76' lang='lat' dir='ltr'><strong>Aquarii.</strong></span> <span class='ocrx_word' id='word_1_218' title='bbox 1267 3468 1315 3542; x_wconf 87' lang='lat' dir='ltr'><strong>Et</strong></span> 
     </span>
     <span class='ocr_line' id='line_1_33' title="bbox 314 3573 1315 3678; baseline -0.008 -26"><span class='ocrx_word' id='word_1_219' title='bbox 314 3581 462 3678; x_wconf 89' lang='lat' dir='ltr'><strong>quando</strong></span> <span class='ocrx_word' id='word_1_220' title='bbox 483 3576 586 3650; x_wconf 88' lang='lat' dir='ltr'><strong>Mars</strong></span> <span class='ocrx_word' id='word_1_221' title='bbox 616 3589 680 3649; x_wconf 90' lang='lat' dir='ltr'><strong>ant</strong></span> <span class='ocrx_word' id='word_1_222' title='bbox 701 3575 898 3661; x_wconf 86' lang='lat' dir='ltr'><strong>Saturnus,</strong></span> <span class='ocrx_word' id='word_1_223' title='bbox 936 3573 1041 3648; x_wconf 83' lang='lat' dir='ltr'><strong>Luna</strong></span> <span class='ocrx_word' id='word_1_224' title='bbox 1071 3574 1242 3648; x_wconf 85' lang='lat' dir='ltr'><strong>existente</strong></span> <span class='ocrx_word' id='word_1_225' title='bbox 1275 3573 1315 3644; x_wconf 93' lang='lat' dir='ltr'><strong>in</strong></span> 
     </span>
     <span class='ocr_line' id='line_1_34' title="bbox 314 3678 1313 3775; baseline -0.007 -20"><span class='ocrx_word' id='word_1_226' title='bbox 314 3683 462 3756; x_wconf 91' lang='lat' dir='ltr'><strong>cardine</strong></span> <span class='ocrx_word' id='word_1_227' title='bbox 490 3706 533 3753; x_wconf 91' lang='lat' dir='ltr'><strong>ac</strong></span> <span class='ocrx_word' id='word_1_228' title='bbox 561 3681 785 3754; x_wconf 85' lang='lat' dir='ltr'><strong>infortunata</strong></span> <span class='ocrx_word' id='word_1_229' title='bbox 812 3681 1026 3766; x_wconf 87' lang='lat' dir='ltr'><strong>succedunt,</strong></span> <span class='ocrx_word' id='word_1_230' title='bbox 1071 3691 1136 3752; x_wconf 86' lang='lat' dir='ltr'><strong>aot</strong></span> <span class='ocrx_word' id='word_1_231' title='bbox 1166 3678 1313 3775; x_wconf 85' lang='lat' dir='ltr'><strong>quando</strong></span> 
     </span>
     <span class='ocr_line' id='line_1_35' title="bbox 315 3783 1315 3879; baseline -0.009 -19"><span class='ocrx_word' id='word_1_232' title='bbox 315 3799 400 3860; x_wconf 82' lang='lat' dir='ltr'><strong>ante</strong></span> <span class='ocrx_word' id='word_1_233' title='bbox 425 3785 545 3860; x_wconf 89' lang='lat' dir='ltr'><strong>Solem</strong></span> <span class='ocrx_word' id='word_1_234' title='bbox 578 3785 649 3879; x_wconf 87' lang='lat' dir='ltr'><strong>ipsi</strong></span> <span class='ocrx_word' id='word_1_235' title='bbox 678 3785 717 3856; x_wconf 93' lang='lat' dir='ltr'><strong>in</strong></span> <span class='ocrx_word' id='word_1_236' title='bbox 743 3784 890 3856; x_wconf 90' lang='lat' dir='ltr'><strong>cardine</strong></span> <span class='ocrx_word' id='word_1_237' title='bbox 911 3785 1127 3866; x_wconf 86' lang='lat' dir='ltr'><strong>ascendunt;</strong></span> <span class='ocrx_word' id='word_1_238' title='bbox 1167 3783 1315 3878; x_wconf 90' lang='lat' dir='ltr'><strong>qnando</strong></span> 
     </span>
     <span class='ocr_line' id='line_1_36' title="bbox 313 3885 1315 3986; baseline -0.007 -24"><span class='ocrx_word' id='word_1_239' title='bbox 313 3916 403 3964; x_wconf 88' lang='lat' dir='ltr'><strong>vero</strong></span> <span class='ocrx_word' id='word_1_240' title='bbox 419 3891 565 3986; x_wconf 90' lang='lat' dir='ltr'><strong>utrique</strong></span> <span class='ocrx_word' id='word_1_241' title='bbox 579 3889 729 3975; x_wconf 90' lang='lat' dir='ltr'><strong>lumini,</strong></span> <span class='ocrx_word' id='word_1_242' title='bbox 754 3889 811 3960; x_wconf 94' lang='lat' dir='ltr'><strong>vel</strong></span> <span class='ocrx_word' id='word_1_243' title='bbox 826 3889 866 3960; x_wconf 88' lang='lat' dir='ltr'><strong>in</strong></span> <span class='ocrx_word' id='word_1_244' title='bbox 881 3891 1008 3959; x_wconf 92' lang='lat' dir='ltr'><strong>eodem</strong></span> <span class='ocrx_word' id='word_1_245' title='bbox 1025 3887 1150 3980; x_wconf 87' lang='lat' dir='ltr'><strong>signo,</strong></span> <span class='ocrx_word' id='word_1_246' title='bbox 1175 3885 1234 3958; x_wconf 89' lang='lat' dir='ltr'><strong>vel</strong></span> <span class='ocrx_word' id='word_1_247' title='bbox 1251 3911 1315 3978; x_wconf 93' lang='lat' dir='ltr'><strong>op-</strong></span> 
     </span>
     <span class='ocr_line' id='line_1_37' title="bbox 314 3989 1316 4088; baseline -0.01 -20"><span class='ocrx_word' id='word_1_248' title='bbox 314 3993 462 4088; x_wconf 88' lang='lat' dir='ltr'><strong>positis,</strong></span> <span class='ocrx_word' id='word_1_249' title='bbox 486 4005 571 4068; x_wconf 88' lang='lat' dir='ltr'><strong>sunt</strong></span> <span class='ocrx_word' id='word_1_250' title='bbox 591 3994 788 4064; x_wconf 80' lang='lat' dir='ltr'><strong>familiares</strong></span> <span class='ocrx_word' id='word_1_251' title='bbox 809 3990 978 4064; x_wconf 89' lang='lat' dir='ltr'><strong>matutini</strong></span> <span class='ocrx_word' id='word_1_252' title='bbox 992 3990 1088 4075; x_wconf 87' lang='lat' dir='ltr'><strong>Soli,</strong></span> <span class='ocrx_word' id='word_1_253' title='bbox 1121 3989 1316 4086; x_wconf 87' lang='lat' dir='ltr'><strong>vespertini</strong></span> 
     </span>
     <span class='ocr_line' id='line_1_38' title="bbox 312 4093 1316 4194; baseline -0.003 -26"><span class='ocrx_word' id='word_1_254' title='bbox 312 4097 462 4183; x_wconf 85' lang='lat' dir='ltr'><strong>Lunae,</strong></span> <span class='ocrx_word' id='word_1_255' title='bbox 487 4098 633 4194; x_wconf 90' lang='lat' dir='ltr'><strong>utrique</strong></span> <span class='ocrx_word' id='word_1_256' title='bbox 647 4098 752 4170; x_wconf 89' lang='lat' dir='ltr'><strong>oculo</strong></span> <span class='ocrx_word' id='word_1_257' title='bbox 766 4095 961 4190; x_wconf 87' lang='lat' dir='ltr'><strong>perniciem</strong></span> <span class='ocrx_word' id='word_1_258' title='bbox 979 4097 1158 4166; x_wconf 82' lang='lat' dir='ltr'><strong>adferunt.</strong></span> <span class='ocrx_word' id='word_1_259' title='bbox 1215 4093 1316 4165; x_wconf 88' lang='lat' dir='ltr'><strong>Mars</strong></span> 
     </span>
     <span class='ocr_line' id='line_1_39' title="bbox 316 4198 1315 4293; baseline -0.004 -21"><span class='ocrx_word' id='word_1_260' title='bbox 316 4203 363 4272; x_wconf 86' lang='lat' dir='ltr'><strong>ab</strong></span> <span class='ocrx_word' id='word_1_261' title='bbox 395 4201 489 4286; x_wconf 91' lang='lat' dir='ltr'><strong>ictu,</strong></span> <span class='ocrx_word' id='word_1_262' title='bbox 529 4214 594 4274; x_wconf 92' lang='lat' dir='ltr'><strong>aut</strong></span> <span class='ocrx_word' id='word_1_263' title='bbox 625 4201 850 4293; x_wconf 85' lang='lat' dir='ltr'><strong>pulsatione,</strong></span> <span class='ocrx_word' id='word_1_264' title='bbox 892 4211 956 4271; x_wconf 88' lang='lat' dir='ltr'><strong>aut</strong></span> <span class='ocrx_word' id='word_1_265' title='bbox 981 4224 1002 4270; x_wconf 92' lang='lat' dir='ltr'><strong>a</strong></span> <span class='ocrx_word' id='word_1_266' title='bbox 1024 4200 1143 4282; x_wconf 88' lang='lat' dir='ltr'><strong>lerro,</strong></span> <span class='ocrx_word' id='word_1_267' title='bbox 1183 4209 1245 4269; x_wconf 90' lang='lat' dir='ltr'><strong>aut</strong></span> <span class='ocrx_word' id='word_1_268' title='bbox 1270 4198 1315 4268; x_wconf 90' lang='lat' dir='ltr'><strong>ab</strong></span> 
     </span>
     <span class='ocr_line' id='line_1_40' title="bbox 315 4300 1316 4395; baseline -0.007 -18"><span class='ocrx_word' id='word_1_269' title='bbox 315 4304 478 4388; x_wconf 83' lang='lat' dir='ltr'><strong>ustione,</strong></span> <span class='ocrx_word' id='word_1_270' title='bbox 516 4329 597 4376; x_wconf 88' lang='lat' dir='ltr'><strong>cum</strong></span> <span class='ocrx_word' id='word_1_271' title='bbox 619 4303 802 4376; x_wconf 88' lang='lat' dir='ltr'><strong>Mercurio</strong></span> <span class='ocrx_word' id='word_1_272' title='bbox 825 4304 968 4376; x_wconf 89' lang='lat' dir='ltr'><strong>iunctus</strong></span> <span class='ocrx_word' id='word_1_273' title='bbox 993 4314 1101 4374; x_wconf 89' lang='lat' dir='ltr'><strong>nocet</strong></span> <span class='ocrx_word' id='word_1_274' title='bbox 1129 4300 1168 4370; x_wconf 93' lang='lat' dir='ltr'><strong>in</strong></span> <span class='ocrx_word' id='word_1_275' title='bbox 1194 4301 1316 4395; x_wconf 90' lang='lat' dir='ltr'><strong>palae-</strong></span> 
     </span>
     <span class='ocr_line' id='line_1_41' title="bbox 316 4403 1316 4500; baseline -0.009 -18"><span class='ocrx_word' id='word_1_276' title='bbox 316 4408 420 4494; x_wconf 84' lang='lat' dir='ltr'><strong>stris,</strong></span> <span class='ocrx_word' id='word_1_277' title='bbox 446 4421 509 4480; x_wconf 85' lang='lat' dir='ltr'><strong>aut</strong></span> <span class='ocrx_word' id='word_1_278' title='bbox 522 4408 738 4500; x_wconf 81' lang='lat' dir='ltr'><strong>gymnasiis,</strong></span> <span class='ocrx_word' id='word_1_279' title='bbox 764 4419 827 4479; x_wconf 91' lang='lat' dir='ltr'><strong>aut</strong></span> <span class='ocrx_word' id='word_1_280' title='bbox 847 4407 987 4480; x_wconf 90' lang='lat' dir='ltr'><strong>insidiis</strong></span> <span class='ocrx_word' id='word_1_281' title='bbox 1004 4407 1201 4477; x_wconf 90' lang='lat' dir='ltr'><strong>latronum.</strong></span> <span class='ocrx_word' id='word_1_282' title='bbox 1253 4403 1316 4475; x_wconf 91' lang='lat' dir='ltr'><strong>Sa-</strong></span> 
     </span>
     <span class='ocr_line' id='line_1_42' title="bbox 312 4507 1316 4604; baseline -0.005 -19"><span class='ocrx_word' id='word_1_283' title='bbox 312 4525 446 4587; x_wconf 86' lang='lat' dir='ltr'><strong>turnus</strong></span> <span class='ocrx_word' id='word_1_284' title='bbox 460 4535 548 4582; x_wconf 92' lang='lat' dir='ltr'><strong>vero</strong></span> <span class='ocrx_word' id='word_1_285' title='bbox 565 4536 632 4604; x_wconf 90' lang='lat' dir='ltr'><strong>per</strong></span> <span class='ocrx_word' id='word_1_286' title='bbox 645 4511 879 4595; x_wconf 82' lang='lat' dir='ltr'><strong>suffusiones,</strong></span> <span class='ocrx_word' id='word_1_287' title='bbox 904 4523 968 4584; x_wconf 89' lang='lat' dir='ltr'><strong>ant</strong></span> <span class='ocrx_word' id='word_1_288' title='bbox 981 4509 1114 4603; x_wconf 83' lang='lat' dir='ltr'><strong>frigus,</strong></span> <span class='ocrx_word' id='word_1_289' title='bbox 1136 4520 1200 4581; x_wconf 91' lang='lat' dir='ltr'><strong>aut</strong></span> <span class='ocrx_word' id='word_1_290' title='bbox 1215 4507 1316 4580; x_wconf 89' lang='lat' dir='ltr'><strong>albu-</strong></span> 
     </span>
     <span class='ocr_line' id='line_1_43' title="bbox 317 4614 755 4709; baseline -0.005 -21"><span class='ocrx_word' id='word_1_291' title='bbox 317 4615 459 4709; x_wconf 82' lang='lat' dir='ltr'><strong>ginem,</strong></span> <span class='ocrx_word' id='word_1_292' title='bbox 482 4627 546 4686; x_wconf 92' lang='lat' dir='ltr'><strong>aut</strong></span> <span class='ocrx_word' id='word_1_293' title='bbox 559 4614 703 4688; x_wconf 87' lang='lat' dir='ltr'><strong>similia.</strong></span> <span class='ocrx_word' id='word_1_294' title='bbox 752 4639 755 4646; x_wconf 79' lang='grc'><strong>’</strong></span> 
     </span>
    </p>

    <p class='ocr_par' dir='ltr' id='par_1_9' title="bbox 317 4731 1317 5341">
     <span class='ocr_line' id='line_1_44' title="bbox 420 4731 1316 4832; baseline -0.012 -23"><span class='ocrx_word' id='word_1_295' title='bbox 420 4735 561 4808; x_wconf 81' lang='lat' dir='ltr'><strong>Rursus</strong></span> <span class='ocrx_word' id='word_1_296' title='bbox 586 4738 732 4832; x_wconf 88' lang='lat' dir='ltr'><strong>quando</strong></span> <span class='ocrx_word' id='word_1_297' title='bbox 752 4736 875 4808; x_wconf 80' lang='lat' dir='ltr'><strong>Venus</strong></span> <span class='ocrx_word' id='word_1_298' title='bbox 896 4749 950 4808; x_wconf 91' lang='lat' dir='ltr'><strong>est</strong></span> <span class='ocrx_word' id='word_1_299' title='bbox 969 4735 1009 4805; x_wconf 89' lang='lat' dir='ltr'><strong>in</strong></span> <span class='ocrx_word' id='word_1_300' title='bbox 1031 4732 1238 4804; x_wconf 86' lang='lat' dir='ltr'><strong>cardinibus</strong></span> <span class='ocrx_word' id='word_1_301' title='bbox 1262 4731 1316 4800; x_wconf 92' lang='lat' dir='ltr'><strong>di-</strong></span> 
     </span>
     <span class='ocr_line' id='line_1_45' title="bbox 318 4837 1317 4926; baseline -0.008 -14"><span class='ocrx_word' id='word_1_302' title='bbox 318 4841 403 4926; x_wconf 87' lang='lat' dir='ltr'><strong>ctis,</strong></span> <span class='ocrx_word' id='word_1_303' title='bbox 429 4839 584 4911; x_wconf 83' lang='lat' dir='ltr'><strong>maxime</strong></span> <span class='ocrx_word' id='word_1_304' title='bbox 601 4841 640 4908; x_wconf 91' lang='lat' dir='ltr'><strong>in</strong></span> <span class='ocrx_word' id='word_1_305' title='bbox 664 4839 867 4923; x_wconf 91' lang='lat' dir='ltr'><strong>occidente,</strong></span> <span class='ocrx_word' id='word_1_306' title='bbox 902 4840 1022 4910; x_wconf 91' lang='lat' dir='ltr'><strong>iuncta</strong></span> <span class='ocrx_word' id='word_1_307' title='bbox 1041 4837 1219 4918; x_wconf 91' lang='lat' dir='ltr'><strong>Saturno,</strong></span> <span class='ocrx_word' id='word_1_308' title='bbox 1253 4848 1317 4904; x_wconf 90' lang='lat' dir='ltr'><strong>ant</strong></span> 
     </span>
     <span class='ocr_line' id='line_1_46' title="bbox 317 4937 1316 5036; baseline -0.007 -20"><span class='ocrx_word' id='word_1_309' title='bbox 317 4969 401 5016; x_wconf 85' lang='lat' dir='ltr'><strong>eum</strong></span> <span class='ocrx_word' id='word_1_310' title='bbox 426 4944 644 5036; x_wconf 84' lang='lat' dir='ltr'><strong>adspiciens,</strong></span> <span class='ocrx_word' id='word_1_311' title='bbox 680 4955 742 5014; x_wconf 89' lang='lat' dir='ltr'><strong>ant</strong></span> <span class='ocrx_word' id='word_1_312' title='bbox 766 4942 948 5014; x_wconf 90' lang='lat' dir='ltr'><strong>domicilia</strong></span> <span class='ocrx_word' id='word_1_313' title='bbox 971 4953 1179 5020; x_wconf 88' lang='lat' dir='ltr'><strong>mutarunt;</strong></span> <span class='ocrx_word' id='word_1_314' title='bbox 1216 4937 1316 5009; x_wconf 89' lang='lat' dir='ltr'><strong>Mars</strong></span> 
     </span>
     <span class='ocr_line' id='line_1_47' title="bbox 318 5041 1315 5138; baseline -0.006 -22"><span class='ocrx_word' id='word_1_315' title='bbox 318 5070 406 5116; x_wconf 89' lang='lat' dir='ltr'><strong>vero</strong></span> <span class='ocrx_word' id='word_1_316' title='bbox 419 5071 526 5138; x_wconf 86' lang='lat' dir='ltr'><strong>super</strong></span> <span class='ocrx_word' id='word_1_317' title='bbox 542 5071 622 5118; x_wconf 90' lang='lat' dir='ltr'><strong>eam</strong></span> <span class='ocrx_word' id='word_1_318' title='bbox 638 5045 814 5130; x_wconf 91' lang='lat' dir='ltr'><strong>elevatur,</strong></span> <span class='ocrx_word' id='word_1_319' title='bbox 848 5059 911 5116; x_wconf 87' lang='lat' dir='ltr'><strong>aut</strong></span> <span class='ocrx_word' id='word_1_320' title='bbox 932 5045 1118 5138; x_wconf 85' lang='lat' dir='ltr'><strong>oppositus</strong></span> <span class='ocrx_word' id='word_1_321' title='bbox 1142 5053 1211 5114; x_wconf 89' lang='lat' dir='ltr'><strong>est:</strong></span> <span class='ocrx_word' id='word_1_322' title='bbox 1246 5041 1315 5110; x_wconf 91' lang='lat' dir='ltr'><strong>viri</strong></span> 
     </span>
     <span class='ocr_line' id='line_1_48' title="bbox 317 5145 1316 5234; baseline -0.011 -10"><span class='ocrx_word' id='word_1_323' title='bbox 317 5161 427 5224; x_wconf 62' lang='lat' dir='ltr'><strong>aunt</strong></span> <span class='ocrx_word' id='word_1_324' title='bbox 439 5151 595 5234; x_wconf 87' lang='lat' dir='ltr'><strong>steriles,</strong></span> <span class='ocrx_word' id='word_1_325' title='bbox 621 5149 790 5222; x_wconf 90' lang='lat' dir='ltr'><strong>mulieres</strong></span> <span class='ocrx_word' id='word_1_326' title='bbox 805 5174 892 5220; x_wconf 90' lang='lat' dir='ltr'><strong>vero</strong></span> <span class='ocrx_word' id='word_1_327' title='bbox 909 5151 1017 5218; x_wconf 91' lang='lat' dir='ltr'><strong>edent</strong></span> <span class='ocrx_word' id='word_1_328' title='bbox 1030 5149 1177 5218; x_wconf 85' lang='lat' dir='ltr'><strong>abortus</strong></span> <span class='ocrx_word' id='word_1_329' title='bbox 1192 5157 1227 5216; x_wconf 89' lang='lat' dir='ltr'><strong>et</strong></span> <span class='ocrx_word' id='word_1_330' title='bbox 1241 5145 1316 5214; x_wconf 87' lang='lat' dir='ltr'><strong>soe-</strong></span> 
     </span>
     <span class='ocr_line' id='line_1_49' title="bbox 318 5250 1316 5341; baseline -0.008 -17"><span class='ocrx_word' id='word_1_331' title='bbox 318 5267 377 5326; x_wconf 89' lang='lat' dir='ltr'><strong>tus</strong></span> <span class='ocrx_word' id='word_1_332' title='bbox 390 5253 625 5338; x_wconf 89' lang='lat' dir='ltr'><strong>immaturos,</strong></span> <span class='ocrx_word' id='word_1_333' title='bbox 650 5265 714 5325; x_wconf 90' lang='lat' dir='ltr'><strong>aut</strong></span> <span class='ocrx_word' id='word_1_334' title='bbox 727 5255 881 5326; x_wconf 89' lang='lat' dir='ltr'><strong>secando</strong></span> <span class='ocrx_word' id='word_1_335' title='bbox 897 5255 1014 5324; x_wconf 82' lang='lat' dir='ltr'><strong>foetus</strong></span> <span class='ocrx_word' id='word_1_336' title='bbox 1029 5275 1072 5322; x_wconf 85' lang='lat' dir='ltr'><strong>ex</strong></span> <span class='ocrx_word' id='word_1_337' title='bbox 1092 5263 1198 5322; x_wconf 92' lang='lat' dir='ltr'><strong>utero</strong></span> <span class='ocrx_word' id='word_1_338' title='bbox 1220 5250 1316 5341; x_wconf 89' lang='lat' dir='ltr'><strong>peri-</strong></span> 
     </span>
    </p>
   </div>
   <div class='ocr_carea' id='block_1_9' title="bbox 354 5483 790 5578">
    <p class='ocr_par' dir='ltr' id='par_1_10' title="bbox 354 5483 790 5578">
     <span class='ocr_line' id='line_1_50' title="bbox 354 5483 790 5578; baseline -0.007 -14"><span class='ocrx_word' id='word_1_339' title='bbox 354 5506 406 5578; x_wconf 80' lang='lat' dir='ltr'><strong>es)</strong></span> <span class='ocrx_word' id='word_1_340' title='bbox 422 5505 530 5576; x_wconf 63' lang='lat' dir='ltr'><strong>amu]</strong></span> <span class='ocrx_word' id='word_1_341' title='bbox 545 5506 597 5566; x_wconf 77' lang='lat' dir='ltr'><strong>rc</strong></span> <span class='ocrx_word' id='word_1_342' title='bbox 611 5505 689 5562; x_wconf 80' lang='lat' dir='ltr'><strong>ross.</strong></span> <span class='ocrx_word' id='word_1_343' title='bbox 706 5483 790 5574; x_wconf 54' lang='lat' dir='ltr'><strong>aaa.</strong></span> 
     </span>
    </p>
   </div>
   <div class='ocr_carea' id='block_1_10' title="bbox 1361 725 2378 4838">
    <p class='ocr_par' dir='ltr' id='par_1_11' title="bbox 1361 725 2358 1127">
     <span class='ocr_line' id='line_1_51' title="bbox 1460 725 2354 820; baseline 0.012 -24"><span class='ocrx_word' id='word_1_344' title='bbox 1460 725 1525 797; x_wconf 89' lang='lat' dir='ltr'><strong>Sin</strong></span> <span class='ocrx_word' id='word_1_345' title='bbox 1549 737 1669 798; x_wconf 85' lang='lat' dir='ltr'><strong>autem</strong></span> <span class='ocrx_word' id='word_1_346' title='bbox 1695 725 1868 820; x_wconf 84' lang='lat' dir='ltr'><strong>adspiciet</strong></span> <span class='ocrx_word' id='word_1_347' title='bbox 1884 727 2106 802; x_wconf 80' lang='lat' dir='ltr'><strong>Mercurium</strong></span> <span class='ocrx_word' id='word_1_348' title='bbox 2129 733 2258 804; x_wconf 89' lang='lat' dir='ltr'><strong>eodem</strong></span> <span class='ocrx_word' id='word_1_349' title='bbox 2277 736 2354 808; x_wconf 90' lang='lat' dir='ltr'><strong>loco</strong></span> 
     </span>
     <span class='ocr_line' id='line_1_52' title="bbox 1361 826 2356 929; baseline 0.015 -32"><span class='ocrx_word' id='word_1_350' title='bbox 1361 851 1441 898; x_wconf 91' lang='lat' dir='ltr'><strong>com</strong></span> <span class='ocrx_word' id='word_1_351' title='bbox 1465 826 1645 914; x_wconf 87' lang='lat' dir='ltr'><strong>Saturno,</strong></span> <span class='ocrx_word' id='word_1_352' title='bbox 1681 841 1718 900; x_wconf 93' lang='lat' dir='ltr'><strong>et</strong></span> <span class='ocrx_word' id='word_1_353' title='bbox 1741 827 1842 902; x_wconf 86' lang='lat' dir='ltr'><strong>Mars</strong></span> <span class='ocrx_word' id='word_1_354' title='bbox 1864 830 1934 900; x_wconf 90' lang='lat' dir='ltr'><strong>erit</strong></span> <span class='ocrx_word' id='word_1_355' title='bbox 1953 831 2112 906; x_wconf 87' lang='lat' dir='ltr'><strong>elevatus</strong></span> <span class='ocrx_word' id='word_1_356' title='bbox 2134 859 2244 929; x_wconf 87' lang='lat' dir='ltr'><strong>super</strong></span> <span class='ocrx_word' id='word_1_357' title='bbox 2266 862 2356 926; x_wconf 88' lang='lat' dir='ltr'><strong>eam,</strong></span> 
     </span>
     <span class='ocr_line' id='line_1_53' title="bbox 1362 931 2358 1032; baseline 0.013 -32"><span class='ocrx_word' id='word_1_358' title='bbox 1362 931 1645 1025; x_wconf 85' lang='lat' dir='ltr'><strong>antoppositus,</strong></span> <span class='ocrx_word' id='word_1_359' title='bbox 1679 933 1857 1024; x_wconf 87' lang='lat' dir='ltr'><strong>spadones</strong></span> <span class='ocrx_word' id='word_1_360' title='bbox 1879 946 2005 1019; x_wconf 89' lang='lat' dir='ltr'><strong>erunt,</strong></span> <span class='ocrx_word' id='word_1_361' title='bbox 2037 948 2102 1006; x_wconf 89' lang='lat' dir='ltr'><strong>aut</strong></span> <span class='ocrx_word' id='word_1_362' title='bbox 2122 931 2358 1032; x_wconf 84' lang='lat' dir='ltr'><strong>hermaphro-</strong></span> 
     </span>
     <span class='ocr_line' id='line_1_54' title="bbox 1361 1033 2175 1127; baseline 0.011 -26"><span class='ocrx_word' id='word_1_363' title='bbox 1361 1033 1448 1118; x_wconf 91' lang='lat' dir='ltr'><strong>diti,</strong></span> <span class='ocrx_word' id='word_1_364' title='bbox 1474 1047 1538 1105; x_wconf 93' lang='lat' dir='ltr'><strong>aut</strong></span> <span class='ocrx_word' id='word_1_365' title='bbox 1553 1033 1744 1106; x_wconf 87' lang='lat' dir='ltr'><strong>obstructis</strong></span> <span class='ocrx_word' id='word_1_366' title='bbox 1758 1034 1935 1107; x_wconf 73' lang='lat' dir='ltr'><strong>ruentibus</strong></span> <span class='ocrx_word' id='word_1_367' title='bbox 1952 1036 2175 1127; x_wconf 73' lang='lat' dir='ltr'><strong>genitalium.</strong></span> 
     </span>
    </p>

    <p class='ocr_par' dir='ltr' id='par_1_12' title="bbox 1362 1131 2363 2440">
     <span class='ocr_line' id='line_1_55' title="bbox 1464 1131 2360 1221; baseline 0.009 -15"><span class='ocrx_word' id='word_1_368' title='bbox 1464 1135 1530 1208; x_wconf 87' lang='lat' dir='ltr'><strong>llis</strong></span> <span class='ocrx_word' id='word_1_369' title='bbox 1545 1137 1596 1208; x_wconf 91' lang='lat' dir='ltr'><strong>sic</strong></span> <span class='ocrx_word' id='word_1_370' title='bbox 1611 1159 1648 1208; x_wconf 91' lang='lat' dir='ltr'><strong>se</strong></span> <span class='ocrx_word' id='word_1_371' title='bbox 1663 1131 1898 1221; x_wconf 88' lang='lat' dir='ltr'><strong>habentibus,</strong></span> <span class='ocrx_word' id='word_1_372' title='bbox 1925 1163 2005 1208; x_wconf 88' lang='lat' dir='ltr'><strong>cum</strong></span> <span class='ocrx_word' id='word_1_373' title='bbox 2019 1137 2139 1209; x_wconf 88' lang='lat' dir='ltr'><strong>Solem</strong></span> <span class='ocrx_word' id='word_1_374' title='bbox 2154 1139 2265 1211; x_wconf 87' lang='lat' dir='ltr'><strong>etiam</strong></span> <span class='ocrx_word' id='word_1_375' title='bbox 2283 1165 2360 1214; x_wconf 89' lang='lat' dir='ltr'><strong>cae·</strong></span> 
     </span>
     <span class='ocr_line' id='line_1_56' title="bbox 1364 1237 2360 1332; baseline 0.008 -26"><span class='ocrx_word' id='word_1_376' title='bbox 1364 1237 1432 1308; x_wconf 89' lang='lat' dir='ltr'><strong>teri</strong></span> <span class='ocrx_word' id='word_1_377' title='bbox 1454 1239 1621 1332; x_wconf 91' lang='lat' dir='ltr'><strong>planetae</strong></span> <span class='ocrx_word' id='word_1_378' title='bbox 1646 1239 1868 1332; x_wconf 88' lang='lat' dir='ltr'><strong>adspiciunt,</strong></span> <span class='ocrx_word' id='word_1_379' title='bbox 1903 1253 1939 1309; x_wconf 89' lang='lat' dir='ltr'><strong>et</strong></span> <span class='ocrx_word' id='word_1_380' title='bbox 1959 1240 2153 1311; x_wconf 88' lang='lat' dir='ltr'><strong>luminaria</strong></span> <span class='ocrx_word' id='word_1_381' title='bbox 2179 1263 2221 1310; x_wconf 84' lang='lat' dir='ltr'><strong>se</strong></span> <span class='ocrx_word' id='word_1_382' title='bbox 2236 1241 2360 1314; x_wconf 83' lang='lat' dir='ltr'><strong>Venus</strong></span> 
     </span>
     <span class='ocr_line' id='line_1_57' title="bbox 1362 1339 2362 1433; baseline 0.004 -21"><span class='ocrx_word' id='word_1_383' title='bbox 1362 1353 1447 1412; x_wconf 89' lang='lat' dir='ltr'><strong>suut</strong></span> <span class='ocrx_word' id='word_1_384' title='bbox 1462 1341 1627 1433; x_wconf 90' lang='lat' dir='ltr'><strong>insignis</strong></span> <span class='ocrx_word' id='word_1_385' title='bbox 1643 1341 1831 1426; x_wconf 88' lang='lat' dir='ltr'><strong>masculis,</strong></span> <span class='ocrx_word' id='word_1_386' title='bbox 1857 1339 1961 1412; x_wconf 83' lang='lat' dir='ltr'><strong>Luna</strong></span> <span class='ocrx_word' id='word_1_387' title='bbox 1985 1367 2072 1414; x_wconf 85' lang='lat' dir='ltr'><strong>vero</strong></span> <span class='ocrx_word' id='word_1_388' title='bbox 2093 1355 2147 1414; x_wconf 87' lang='lat' dir='ltr'><strong>est</strong></span> <span class='ocrx_word' id='word_1_389' title='bbox 2170 1343 2211 1416; x_wconf 89' lang='lat' dir='ltr'><strong>in</strong></span> <span class='ocrx_word' id='word_1_390' title='bbox 2231 1367 2362 1416; x_wconf 89' lang='lat' dir='ltr'><strong>occasu</strong></span> 
     </span>
     <span class='ocr_line' id='line_1_58' title="bbox 1363 1443 2363 1536; baseline 0.004 -22"><span class='ocrx_word' id='word_1_391' title='bbox 1363 1455 1399 1514; x_wconf 90' lang='lat' dir='ltr'><strong>et</strong></span> <span class='ocrx_word' id='word_1_392' title='bbox 1412 1444 1563 1514; x_wconf 84' lang='lat' dir='ltr'><strong>malefici</strong></span> <span class='ocrx_word' id='word_1_393' title='bbox 1580 1443 1743 1536; x_wconf 89' lang='lat' dir='ltr'><strong>planetae</strong></span> <span class='ocrx_word' id='word_1_394' title='bbox 1756 1457 1840 1516; x_wconf 92' lang='lat' dir='ltr'><strong>sunt</strong></span> <span class='ocrx_word' id='word_1_395' title='bbox 1853 1443 1892 1514; x_wconf 91' lang='lat' dir='ltr'><strong>in</strong></span> <span class='ocrx_word' id='word_1_396' title='bbox 1901 1445 2071 1534; x_wconf 84' lang='lat' dir='ltr'><strong>gradibus</strong></span> <span class='ocrx_word' id='word_1_397' title='bbox 2079 1447 2363 1533; x_wconf 87' lang='lat' dir='ltr'><strong>succedentibus,</strong></span> 
     </span>
     <span class='ocr_line' id='line_1_59' title="bbox 1363 1545 2362 1639; baseline 0.005 -24"><span class='ocrx_word' id='word_1_398' title='bbox 1363 1546 1480 1616; x_wconf 90' lang='lat' dir='ltr'><strong>virilia</strong></span> <span class='ocrx_word' id='word_1_399' title='bbox 1505 1545 1758 1639; x_wconf 84' lang='lat' dir='ltr'><strong>praecidentur</strong></span> <span class='ocrx_word' id='word_1_400' title='bbox 1774 1545 1880 1630; x_wconf 91' lang='lat' dir='ltr'><strong>viris,</strong></span> <span class='ocrx_word' id='word_1_401' title='bbox 1913 1559 1949 1616; x_wconf 89' lang='lat' dir='ltr'><strong>et</strong></span> <span class='ocrx_word' id='word_1_402' title='bbox 1963 1559 2070 1618; x_wconf 88' lang='lat' dir='ltr'><strong>erunt</strong></span> <span class='ocrx_word' id='word_1_403' title='bbox 2084 1547 2123 1618; x_wconf 89' lang='lat' dir='ltr'><strong>iu</strong></span> <span class='ocrx_word' id='word_1_404' title='bbox 2140 1547 2190 1618; x_wconf 88' lang='lat' dir='ltr'><strong>eis</strong></span> <span class='ocrx_word' id='word_1_405' title='bbox 2203 1549 2362 1639; x_wconf 89' lang='lat' dir='ltr'><strong>insigues</strong></span> 
     </span>
     <span class='ocr_line' id='line_1_60' title="bbox 1362 1647 2363 1744; baseline 0.004 -26"><span class='ocrx_word' id='word_1_406' title='bbox 1362 1647 1557 1732; x_wconf 88' lang='lat' dir='ltr'><strong>laesiones,</strong></span> <span class='ocrx_word' id='word_1_407' title='bbox 1583 1649 1736 1720; x_wconf 82' lang='lat' dir='ltr'><strong>maxime</strong></span> <span class='ocrx_word' id='word_1_408' title='bbox 1751 1647 1781 1718; x_wconf 94' lang='lat' dir='ltr'><strong>si</strong></span> <span class='ocrx_word' id='word_1_409' title='bbox 1797 1649 1835 1717; x_wconf 90' lang='lat' dir='ltr'><strong>in</strong></span> <span class='ocrx_word' id='word_1_410' title='bbox 1848 1648 1970 1720; x_wconf 78' lang='lat' dir='ltr'><strong>Ariete</strong></span> <span class='ocrx_word' id='word_1_411' title='bbox 1989 1661 2053 1720; x_wconf 92' lang='lat' dir='ltr'><strong>aut</strong></span> <span class='ocrx_word' id='word_1_412' title='bbox 2064 1648 2229 1744; x_wconf 78' lang='lat' dir='ltr'><strong>Aquario</strong></span> <span class='ocrx_word' id='word_1_413' title='bbox 2238 1648 2363 1722; x_wconf 84' lang='lat' dir='ltr'><strong>Venus</strong></span> 
     </span>
     <span class='ocr_line' id='line_1_61' title="bbox 1362 1749 2361 1835; baseline -0.001 -12"><span class='ocrx_word' id='word_1_414' title='bbox 1362 1751 1428 1823; x_wconf 87' lang='lat' dir='ltr'><strong>sita</strong></span> <span class='ocrx_word' id='word_1_415' title='bbox 1444 1763 1508 1822; x_wconf 89' lang='lat' dir='ltr'><strong>est.</strong></span> <span class='ocrx_word' id='word_1_416' title='bbox 1559 1749 1729 1824; x_wconf 88' lang='lat' dir='ltr'><strong>Mulieres</strong></span> <span class='ocrx_word' id='word_1_417' title='bbox 1752 1775 1839 1822; x_wconf 88' lang='lat' dir='ltr'><strong>vero</strong></span> <span class='ocrx_word' id='word_1_418' title='bbox 1862 1765 1969 1824; x_wconf 90' lang='lat' dir='ltr'><strong>erunt</strong></span> <span class='ocrx_word' id='word_1_419' title='bbox 1987 1751 2144 1835; x_wconf 87' lang='lat' dir='ltr'><strong>steriles,</strong></span> <span class='ocrx_word' id='word_1_420' title='bbox 2175 1753 2361 1824; x_wconf 88' lang='lat' dir='ltr'><strong>interdum</strong></span> 
     </span>
     <span class='ocr_line' id='line_1_62' title="bbox 1363 1851 2362 1942; baseline 0 -18"><span class='ocrx_word' id='word_1_421' title='bbox 1363 1865 1400 1924; x_wconf 91' lang='lat' dir='ltr'><strong>et</strong></span> <span class='ocrx_word' id='word_1_422' title='bbox 1422 1852 1460 1922; x_wconf 91' lang='lat' dir='ltr'><strong>in</strong></span> <span class='ocrx_word' id='word_1_423' title='bbox 1483 1851 1574 1922; x_wconf 77' lang='lat' dir='ltr'><strong>facie</strong></span> <span class='ocrx_word' id='word_1_424' title='bbox 1595 1854 1793 1924; x_wconf 89' lang='lat' dir='ltr'><strong>laedentur.</strong></span> <span class='ocrx_word' id='word_1_425' title='bbox 1852 1851 1902 1924; x_wconf 88' lang='lat' dir='ltr'><strong>Et</strong></span> <span class='ocrx_word' id='word_1_426' title='bbox 1923 1867 2030 1926; x_wconf 91' lang='lat' dir='ltr'><strong>erunt</strong></span> <span class='ocrx_word' id='word_1_427' title='bbox 2050 1853 2149 1924; x_wconf 91' lang='lat' dir='ltr'><strong>balbi</strong></span> <span class='ocrx_word' id='word_1_428' title='bbox 2170 1856 2362 1942; x_wconf 77' lang='lat' dir='ltr'><strong>curmusi,</strong></span> 
     </span>
     <span class='ocr_line' id='line_1_63' title="bbox 1364 1953 2361 2051; baseline 0.007 -28"><span class='ocrx_word' id='word_1_429' title='bbox 1364 1955 1427 2051; x_wconf 90' lang='lat' dir='ltr'><strong>qui</strong></span> <span class='ocrx_word' id='word_1_430' title='bbox 1449 1954 1644 2026; x_wconf 87' lang='lat' dir='ltr'><strong>Saturnum</strong></span> <span class='ocrx_word' id='word_1_431' title='bbox 1669 1969 1705 2026; x_wconf 90' lang='lat' dir='ltr'><strong>et</strong></span> <span class='ocrx_word' id='word_1_432' title='bbox 1726 1954 1948 2028; x_wconf 91' lang='lat' dir='ltr'><strong>Mercurium</strong></span> <span class='ocrx_word' id='word_1_433' title='bbox 1979 1957 2018 2026; x_wconf 94' lang='lat' dir='ltr'><strong>in</strong></span> <span class='ocrx_word' id='word_1_434' title='bbox 2047 1953 2254 2030; x_wconf 86' lang='lat' dir='ltr'><strong>cardinibus</strong></span> <span class='ocrx_word' id='word_1_435' title='bbox 2277 1983 2361 2030; x_wconf 88' lang='lat' dir='ltr'><strong>curn</strong></span> 
     </span>
     <span class='ocr_line' id='line_1_64' title="bbox 1363 2053 2362 2152; baseline 0.002 -20"><span class='ocrx_word' id='word_1_436' title='bbox 1363 2057 1446 2132; x_wconf 88' lang='lat' dir='ltr'><strong>Sole</strong></span> <span class='ocrx_word' id='word_1_437' title='bbox 1468 2057 1678 2132; x_wconf 89' lang='lat' dir='ltr'><strong>coniunctos</strong></span> <span class='ocrx_word' id='word_1_438' title='bbox 1699 2053 1854 2142; x_wconf 88' lang='lat' dir='ltr'><strong>habent,</strong></span> <span class='ocrx_word' id='word_1_439' title='bbox 1893 2059 2084 2152; x_wconf 89' lang='lat' dir='ltr'><strong>praecipue</strong></span> <span class='ocrx_word' id='word_1_440' title='bbox 2106 2057 2138 2132; x_wconf 90' lang='lat' dir='ltr'><strong>si</strong></span> <span class='ocrx_word' id='word_1_441' title='bbox 2157 2057 2362 2134; x_wconf 88' lang='lat' dir='ltr'><strong>Mercurius</strong></span> 
     </span>
     <span class='ocr_line' id='line_1_65' title="bbox 1363 2158 2361 2254; baseline 0.001 -20"><span class='ocrx_word' id='word_1_442' title='bbox 1363 2161 1409 2234; x_wconf 92' lang='lat' dir='ltr'><strong>sit</strong></span> <span class='ocrx_word' id='word_1_443' title='bbox 1422 2161 1663 2248; x_wconf 89' lang='lat' dir='ltr'><strong>occidentalis,</strong></span> <span class='ocrx_word' id='word_1_444' title='bbox 1682 2173 1718 2232; x_wconf 93' lang='lat' dir='ltr'><strong>et</strong></span> <span class='ocrx_word' id='word_1_445' title='bbox 1733 2161 1840 2230; x_wconf 88' lang='lat' dir='ltr'><strong>ambo</strong></span> <span class='ocrx_word' id='word_1_446' title='bbox 1849 2158 1991 2232; x_wconf 89' lang='lat' dir='ltr'><strong>Lunam</strong></span> <span class='ocrx_word' id='word_1_447' title='bbox 2007 2161 2220 2254; x_wconf 82' lang='lat' dir='ltr'><strong>adspiciunt.</strong></span> <span class='ocrx_word' id='word_1_448' title='bbox 2260 2162 2361 2236; x_wconf 91' lang='lat' dir='ltr'><strong>Mars</strong></span> 
     </span>
     <span class='ocr_line' id='line_1_66' title="bbox 1363 2263 2360 2360; baseline 0.002 -24"><span class='ocrx_word' id='word_1_449' title='bbox 1363 2287 1451 2336; x_wconf 89' lang='lat' dir='ltr'><strong>vero</strong></span> <span class='ocrx_word' id='word_1_450' title='bbox 1475 2263 1682 2348; x_wconf 89' lang='lat' dir='ltr'><strong>adiunctus,</strong></span> <span class='ocrx_word' id='word_1_451' title='bbox 1723 2263 1936 2360; x_wconf 91' lang='lat' dir='ltr'><strong>plerumque</strong></span> <span class='ocrx_word' id='word_1_452' title='bbox 1957 2266 2100 2360; x_wconf 87' lang='lat' dir='ltr'><strong>linguae</strong></span> <span class='ocrx_word' id='word_1_453' title='bbox 2123 2265 2360 2360; x_wconf 91' lang='lat' dir='ltr'><strong>impedimen-</strong></span> 
     </span>
     <span class='ocr_line' id='line_1_67' title="bbox 1363 2367 1700 2440; baseline -0.015 0"><span class='ocrx_word' id='word_1_454' title='bbox 1363 2381 1440 2440; x_wconf 90' lang='lat' dir='ltr'><strong>tum</strong></span> <span class='ocrx_word' id='word_1_455' title='bbox 1454 2367 1573 2438; x_wconf 92' lang='lat' dir='ltr'><strong>solvit.</strong></span> <span class='ocrx_word' id='word_1_456' title='bbox 1697 2385 1700 2398; x_wconf 87' lang='grc'>·</span> 
     </span>
    </p>

    <p class='ocr_par' dir='ltr' id='par_1_13' title="bbox 1363 2465 2368 3372">
     <span class='ocr_line' id='line_1_68' title="bbox 1467 2465 2361 2564; baseline -0.004 -22"><span class='ocrx_word' id='word_1_457' title='bbox 1467 2469 1576 2564; x_wconf 82' lang='lat' dir='ltr'><strong>Quod</strong></span> <span class='ocrx_word' id='word_1_458' title='bbox 1597 2469 1627 2542; x_wconf 89' lang='lat' dir='ltr'><strong>si</strong></span> <span class='ocrx_word' id='word_1_459' title='bbox 1643 2465 1746 2540; x_wconf 83' lang='lat' dir='ltr'><strong>Luna</strong></span> <span class='ocrx_word' id='word_1_460' title='bbox 1771 2467 1929 2540; x_wconf 89' lang='lat' dir='ltr'><strong>occurrit</strong></span> <span class='ocrx_word' id='word_1_461' title='bbox 1943 2467 2076 2556; x_wconf 88' lang='lat' dir='ltr'><strong>Marti,</strong></span> <span class='ocrx_word' id='word_1_462' title='bbox 2104 2481 2141 2542; x_wconf 92' lang='lat' dir='ltr'><strong>et</strong></span> <span class='ocrx_word' id='word_1_463' title='bbox 2163 2465 2361 2542; x_wconf 89' lang='lat' dir='ltr'><strong>luminaria</strong></span> 
     </span>
     <span class='ocr_line' id='line_1_69' title="bbox 1364 2571 2363 2668; baseline -0.005 -22"><span class='ocrx_word' id='word_1_464' title='bbox 1364 2576 1559 2646; x_wconf 90' lang='lat' dir='ltr'><strong>succedunt</strong></span> <span class='ocrx_word' id='word_1_465' title='bbox 1573 2573 1742 2644; x_wconf 87' lang='lat' dir='ltr'><strong>maleficis</strong></span> <span class='ocrx_word' id='word_1_466' title='bbox 1757 2571 1962 2654; x_wconf 88' lang='lat' dir='ltr'><strong>tenentibus</strong></span> <span class='ocrx_word' id='word_1_467' title='bbox 1980 2572 2162 2668; x_wconf 61' lang='lat' dir='ltr'><strong>cardinem</strong></span> <span class='ocrx_word' id='word_1_468' title='bbox 2196 2585 2259 2644; x_wconf 90' lang='lat' dir='ltr'><strong>aut</strong></span> <span class='ocrx_word' id='word_1_469' title='bbox 2284 2595 2363 2642; x_wconf 90' lang='lat' dir='ltr'><strong>ma·</strong></span> 
     </span>
     <span class='ocr_line' id='line_1_70' title="bbox 1363 2673 2365 2770; baseline -0.004 -22"><span class='ocrx_word' id='word_1_470' title='bbox 1363 2677 1457 2748; x_wconf 86' lang='lat' dir='ltr'><strong>lefici</strong></span> <span class='ocrx_word' id='word_1_471' title='bbox 1470 2687 1554 2748; x_wconf 90' lang='lat' dir='ltr'><strong>sunt</strong></span> <span class='ocrx_word' id='word_1_472' title='bbox 1571 2675 1728 2770; x_wconf 92' lang='lat' dir='ltr'><strong>oppositi</strong></span> <span class='ocrx_word' id='word_1_473' title='bbox 1743 2675 2000 2760; x_wconf 90' lang='lat' dir='ltr'><strong>luminaribus,</strong></span> <span class='ocrx_word' id='word_1_474' title='bbox 2032 2675 2188 2748; x_wconf 85' lang='lat' dir='ltr'><strong>maxime</strong></span> <span class='ocrx_word' id='word_1_475' title='bbox 2211 2677 2240 2747; x_wconf 89' lang='lat' dir='ltr'><strong>si</strong></span> <span class='ocrx_word' id='word_1_476' title='bbox 2254 2673 2365 2746; x_wconf 87' lang='lat' dir='ltr'><strong>Luna</strong></span> 
     </span>
     <span class='ocr_line' id='line_1_71' title="bbox 1364 2777 2368 2872; baseline -0.007 -18"><span class='ocrx_word' id='word_1_477' title='bbox 1364 2783 1410 2854; x_wconf 88' lang='lat' dir='ltr'><strong>sit</strong></span> <span class='ocrx_word' id='word_1_478' title='bbox 1423 2781 1463 2850; x_wconf 93' lang='lat' dir='ltr'><strong>in</strong></span> <span class='ocrx_word' id='word_1_479' title='bbox 1477 2781 1584 2851; x_wconf 89' lang='lat' dir='ltr'><strong>nodis</strong></span> <span class='ocrx_word' id='word_1_480' title='bbox 1599 2789 1663 2850; x_wconf 90' lang='lat' dir='ltr'><strong>aut</strong></span> <span class='ocrx_word' id='word_1_481' title='bbox 1683 2777 1852 2864; x_wconf 88' lang='lat' dir='ltr'><strong>flexibus,</strong></span> <span class='ocrx_word' id='word_1_482' title='bbox 1887 2791 1923 2848; x_wconf 90' lang='lat' dir='ltr'><strong>et</strong></span> <span class='ocrx_word' id='word_1_483' title='bbox 1944 2777 1985 2847; x_wconf 91' lang='lat' dir='ltr'><strong>in</strong></span> <span class='ocrx_word' id='word_1_484' title='bbox 2007 2778 2117 2872; x_wconf 86' lang='lat' dir='ltr'><strong>signis</strong></span> <span class='ocrx_word' id='word_1_485' title='bbox 2137 2777 2272 2861; x_wconf 68' lang='lat' dir='ltr'><strong>noxiis,</strong></span> <span class='ocrx_word' id='word_1_486' title='bbox 2297 2791 2368 2850; x_wconf 89' lang='lat' dir='ltr'><strong>aut</strong></span> 
     </span>
     <span class='ocr_line' id='line_1_72' title="bbox 1365 2854 2365 2974; baseline -0.004 -20"><span class='ocrx_word' id='word_1_487' title='bbox 1365 2883 1507 2969; x_wconf 81' lang='lat' dir='ltr'><strong>Ariete,</strong></span> <span class='ocrx_word' id='word_1_488' title='bbox 1540 2881 1684 2968; x_wconf 84' lang='lat' dir='ltr'><strong>Tauro,</strong></span> <span class='ocrx_word' id='word_1_489' title='bbox 1720 2854 1880 2968; x_wconf 71' lang='lat' dir='ltr'><strong>(iancro,</strong></span> <span class='ocrx_word' id='word_1_490' title='bbox 1916 2879 2089 2974; x_wconf 87' lang='lat' dir='ltr'><strong>Scorpio,</strong></span> <span class='ocrx_word' id='word_1_491' title='bbox 2119 2879 2365 2974; x_wconf 89' lang='lat' dir='ltr'><strong>Capricorno:</strong></span> 
     </span>
     <span class='ocr_line' id='line_1_73' title="bbox 1364 2983 2367 3080; baseline -0.004 -20"><span class='ocrx_word' id='word_1_492' title='bbox 1364 2991 1456 3060; x_wconf 88' lang='lat' dir='ltr'><strong>liunt</strong></span> <span class='ocrx_word' id='word_1_493' title='bbox 1475 2987 1591 3080; x_wconf 80' lang='lat' dir='ltr'><strong>gibbi,</strong></span> <span class='ocrx_word' id='word_1_494' title='bbox 1615 2999 1679 3056; x_wconf 91' lang='lat' dir='ltr'><strong>aut</strong></span> <span class='ocrx_word' id='word_1_495' title='bbox 1699 2983 1963 3072; x_wconf 88' lang='lat' dir='ltr'><strong>mutilationes,</strong></span> <span class='ocrx_word' id='word_1_496' title='bbox 1998 2997 2060 3056; x_wconf 91' lang='lat' dir='ltr'><strong>aut</strong></span> <span class='ocrx_word' id='word_1_497' title='bbox 2083 2983 2367 3056; x_wconf 90' lang='lat' dir='ltr'><strong>claudicationes</strong></span> 
     </span>
     <span class='ocr_line' id='line_1_74' title="bbox 1365 3085 2368 3185; baseline -0.009 -22"><span class='ocrx_word' id='word_1_498' title='bbox 1365 3105 1428 3163; x_wconf 90' lang='lat' dir='ltr'><strong>aut</strong></span> <span class='ocrx_word' id='word_1_499' title='bbox 1437 3091 1633 3185; x_wconf 85' lang='lat' dir='ltr'><strong>paralyses.</strong></span> <span class='ocrx_word' id='word_1_500' title='bbox 1684 3087 1878 3160; x_wconf 74' lang='lat' dir='ltr'><strong>testeum</strong></span> <span class='ocrx_word' id='word_1_501' title='bbox 1897 3085 2094 3160; x_wconf 87' lang='lat' dir='ltr'><strong>luminibus</strong></span> <span class='ocrx_word' id='word_1_502' title='bbox 2115 3088 2188 3159; x_wconf 90' lang='lat' dir='ltr'><strong>sint</strong></span> <span class='ocrx_word' id='word_1_503' title='bbox 2208 3087 2368 3157; x_wconf 82' lang='lat' dir='ltr'><strong>malefici</strong></span> 
     </span>
     <span class='ocr_line' id='line_1_75' title="bbox 1364 3185 2367 3292; baseline -0.004 -26"><span class='ocrx_word' id='word_1_504' title='bbox 1364 3197 1550 3292; x_wconf 90' lang='lat' dir='ltr'><strong>planetae,</strong></span> <span class='ocrx_word' id='word_1_505' title='bbox 1585 3191 1706 3264; x_wconf 90' lang='lat' dir='ltr'><strong>statim</strong></span> <span class='ocrx_word' id='word_1_506' title='bbox 1738 3215 1758 3260; x_wconf 93' lang='lat' dir='ltr'><strong>a</strong></span> <span class='ocrx_word' id='word_1_507' title='bbox 1789 3192 1978 3261; x_wconf 87' lang='lat' dir='ltr'><strong>nativitate</strong></span> <span class='ocrx_word' id='word_1_508' title='bbox 2011 3185 2078 3262; x_wconf 89' lang='lat' dir='ltr'><strong>bas</strong></span> <span class='ocrx_word' id='word_1_509' title='bbox 2102 3188 2279 3262; x_wconf 89' lang='lat' dir='ltr'><strong>laesiones</strong></span> <span class='ocrx_word' id='word_1_510' title='bbox 2300 3193 2367 3262; x_wconf 90' lang='lat' dir='ltr'><strong>ad·</strong></span> 
     </span>
     <span class='ocr_line' id='line_1_76' title="bbox 1364 3303 1496 3372; baseline -0.023 0"><span class='ocrx_word' id='word_1_511' title='bbox 1364 3303 1496 3372; x_wconf 85' lang='lat' dir='ltr'><strong>ferunt.</strong></span> 
     </span>
    </p>

    <p class='ocr_par' dir='ltr' id='par_1_14' title="bbox 1365 3393 2371 3797">
     <span class='ocr_line' id='line_1_77' title="bbox 1467 3393 2368 3480; baseline -0.004 -8"><span class='ocrx_word' id='word_1_512' title='bbox 1467 3399 1531 3472; x_wconf 88' lang='lat' dir='ltr'><strong>Sin</strong></span> <span class='ocrx_word' id='word_1_513' title='bbox 1546 3411 1666 3470; x_wconf 92' lang='lat' dir='ltr'><strong>autem</strong></span> <span class='ocrx_word' id='word_1_514' title='bbox 1691 3399 1764 3471; x_wconf 91' lang='lat' dir='ltr'><strong>sint</strong></span> <span class='ocrx_word' id='word_1_515' title='bbox 1785 3396 1937 3468; x_wconf 83' lang='lat' dir='ltr'><strong>malefici</strong></span> <span class='ocrx_word' id='word_1_516' title='bbox 1959 3396 1999 3466; x_wconf 92' lang='lat' dir='ltr'><strong>in</strong></span> <span class='ocrx_word' id='word_1_517' title='bbox 2022 3395 2142 3467; x_wconf 91' lang='lat' dir='ltr'><strong>medio</strong></span> <span class='ocrx_word' id='word_1_518' title='bbox 2167 3393 2278 3480; x_wconf 92' lang='lat' dir='ltr'><strong>coeli,</strong></span> <span class='ocrx_word' id='word_1_519' title='bbox 2305 3421 2368 3468; x_wconf 90' lang='lat' dir='ltr'><strong>su-</strong></span> 
     </span>
     <span class='ocr_line' id='line_1_78' title="bbox 1365 3495 2369 3600; baseline -0.005 -24"><span class='ocrx_word' id='word_1_520' title='bbox 1365 3530 1431 3600; x_wconf 90' lang='lat' dir='ltr'><strong>pra</strong></span> <span class='ocrx_word' id='word_1_521' title='bbox 1459 3502 1674 3586; x_wconf 89' lang='lat' dir='ltr'><strong>luminaria,</strong></span> <span class='ocrx_word' id='word_1_522' title='bbox 1718 3513 1755 3571; x_wconf 92' lang='lat' dir='ltr'><strong>et</strong></span> <span class='ocrx_word' id='word_1_523' title='bbox 1781 3499 2006 3592; x_wconf 86' lang='lat' dir='ltr'><strong>longitudine</strong></span> <span class='ocrx_word' id='word_1_524' title='bbox 2028 3495 2124 3568; x_wconf 86' lang='lat' dir='ltr'><strong>inter</strong></span> <span class='ocrx_word' id='word_1_525' title='bbox 2147 3523 2184 3571; x_wconf 89' lang='lat' dir='ltr'><strong>se</strong></span> <span class='ocrx_word' id='word_1_526' title='bbox 2210 3497 2369 3571; x_wconf 88' lang='lat' dir='ltr'><strong>distent:</strong></span> 
     </span>
     <span class='ocr_line' id='line_1_79' title="bbox 1366 3601 2371 3697; baseline -0.006 -18"><span class='ocrx_word' id='word_1_527' title='bbox 1366 3608 1529 3680; x_wconf 88' lang='lat' dir='ltr'><strong>accident</strong></span> <span class='ocrx_word' id='word_1_528' title='bbox 1541 3605 1752 3677; x_wconf 90' lang='lat' dir='ltr'><strong>laesionesa</strong></span> <span class='ocrx_word' id='word_1_529' title='bbox 1773 3603 1912 3697; x_wconf 84' lang='lat' dir='ltr'><strong>magnis</strong></span> <span class='ocrx_word' id='word_1_530' title='bbox 1933 3601 2103 3695; x_wconf 89' lang='lat' dir='ltr'><strong>periculis</strong></span> <span class='ocrx_word' id='word_1_531' title='bbox 2127 3603 2295 3696; x_wconf 88' lang='lat' dir='ltr'><strong>lapsuum</strong></span> <span class='ocrx_word' id='word_1_532' title='bbox 2323 3627 2371 3674; x_wconf 84' lang='lat' dir='ltr'><strong>ex</strong></span> 
     </span>
     <span class='ocr_line' id='line_1_80' title="bbox 1367 3703 2247 3797; baseline -0.01 -14"><span class='ocrx_word' id='word_1_533' title='bbox 1367 3713 1460 3797; x_wconf 93' lang='lat' dir='ltr'><strong>alto,</strong></span> <span class='ocrx_word' id='word_1_534' title='bbox 1487 3723 1549 3782; x_wconf 91' lang='lat' dir='ltr'><strong>aut</strong></span> <span class='ocrx_word' id='word_1_535' title='bbox 1562 3708 1778 3793; x_wconf 87' lang='lat' dir='ltr'><strong>latrociniis,</strong></span> <span class='ocrx_word' id='word_1_536' title='bbox 1804 3721 1867 3778; x_wconf 93' lang='lat' dir='ltr'><strong>aut</strong></span> <span class='ocrx_word' id='word_1_537' title='bbox 1882 3709 2039 3776; x_wconf 86' lang='lat' dir='ltr'><strong>letarum</strong></span> <span class='ocrx_word' id='word_1_538' title='bbox 2056 3703 2247 3777; x_wconf 88' lang='lat' dir='ltr'><strong>morsibus.</strong></span> 
     </span>
    </p>

    <p class='ocr_par' dir='ltr' id='par_1_15' title="bbox 1367 3807 2372 4220">
     <span class='ocr_line' id='line_1_81' title="bbox 1468 3807 2372 3896; baseline -0.011 -8"><span class='ocrx_word' id='word_1_539' title='bbox 1468 3814 1562 3888; x_wconf 89' lang='lat' dir='ltr'><strong>Nam</strong></span> <span class='ocrx_word' id='word_1_540' title='bbox 1581 3836 1660 3883; x_wconf 91' lang='lat' dir='ltr'><strong>cum</strong></span> <span class='ocrx_word' id='word_1_541' title='bbox 1677 3810 1776 3882; x_wconf 88' lang='lat' dir='ltr'><strong>Mars</strong></span> <span class='ocrx_word' id='word_1_542' title='bbox 1790 3811 2020 3896; x_wconf 89' lang='lat' dir='ltr'><strong>dominatur,</strong></span> <span class='ocrx_word' id='word_1_543' title='bbox 2052 3807 2215 3878; x_wconf 90' lang='lat' dir='ltr'><strong>accident</strong></span> <span class='ocrx_word' id='word_1_544' title='bbox 2235 3807 2372 3878; x_wconf 91' lang='lat' dir='ltr'><strong>laesio-</strong></span> 
     </span>
     <span class='ocr_line' id='line_1_82' title="bbox 1367 3910 2372 4012; baseline -0.01 -22"><span class='ocrx_word' id='word_1_545' title='bbox 1367 3943 1429 3990; x_wconf 89' lang='lat' dir='ltr'><strong>nes</strong></span> <span class='ocrx_word' id='word_1_546' title='bbox 1445 3917 1666 4012; x_wconf 88' lang='lat' dir='ltr'><strong>perignem,</strong></span> <span class='ocrx_word' id='word_1_547' title='bbox 1696 3925 1759 3984; x_wconf 92' lang='lat' dir='ltr'><strong>aut</strong></span> <span class='ocrx_word' id='word_1_548' title='bbox 1775 3915 1862 3984; x_wconf 85' lang='lat' dir='ltr'><strong>fient</strong></span> <span class='ocrx_word' id='word_1_549' title='bbox 1877 3914 2025 3984; x_wconf 89' lang='lat' dir='ltr'><strong>vulnera</strong></span> <span class='ocrx_word' id='word_1_550' title='bbox 2042 3910 2081 3979; x_wconf 90' lang='lat' dir='ltr'><strong>in</strong></span> <span class='ocrx_word' id='word_1_551' title='bbox 2097 3910 2204 3995; x_wconf 86' lang='lat' dir='ltr'><strong>rixis,</strong></span> <span class='ocrx_word' id='word_1_552' title='bbox 2231 3923 2297 3981; x_wconf 90' lang='lat' dir='ltr'><strong>ant</strong></span> <span class='ocrx_word' id='word_1_553' title='bbox 2312 3911 2372 3980; x_wconf 86' lang='lat' dir='ltr'><strong>in-</strong></span> 
     </span>
     <span class='ocr_line' id='line_1_83' title="bbox 1367 4013 2372 4098; baseline -0.012 -2"><span class='ocrx_word' id='word_1_554' title='bbox 1367 4038 1422 4096; x_wconf 90' lang='lat' dir='ltr'><strong>ter</strong></span> <span class='ocrx_word' id='word_1_555' title='bbox 1451 4023 1621 4090; x_wconf 88' lang='lat' dir='ltr'><strong>latrones.</strong></span> <span class='ocrx_word' id='word_1_556' title='bbox 1689 4017 1779 4086; x_wconf 90' lang='lat' dir='ltr'><strong>Cum</strong></span> <span class='ocrx_word' id='word_1_557' title='bbox 1805 4018 1980 4088; x_wconf 86' lang='lat' dir='ltr'><strong>Saturnus</strong></span> <span class='ocrx_word' id='word_1_558' title='bbox 2010 4013 2237 4098; x_wconf 89' lang='lat' dir='ltr'><strong>dominatur,</strong></span> <span class='ocrx_word' id='word_1_559' title='bbox 2279 4013 2372 4084; x_wconf 79' lang='lat' dir='ltr'><strong>frent</strong></span> 
     </span>
     <span class='ocr_line' id='line_1_84' title="bbox 1367 4120 1911 4220; baseline -0.011 -23"><span class='ocrx_word' id='word_1_560' title='bbox 1367 4129 1509 4220; x_wconf 88' lang='lat' dir='ltr'><strong>lapsus,</strong></span> <span class='ocrx_word' id='word_1_561' title='bbox 1534 4121 1740 4212; x_wconf 82' lang='lat' dir='ltr'><strong>naufragia,</strong></span> <span class='ocrx_word' id='word_1_562' title='bbox 1766 4120 1911 4214; x_wconf 90' lang='lat' dir='ltr'><strong>spasmi.</strong></span> 
     </span>
    </p>

    <p class='ocr_par' dir='ltr' id='par_1_16' title="bbox 1368 4215 2372 4634">
     <span class='ocr_line' id='line_1_85' title="bbox 1468 4215 2372 4319; baseline -0.009 -23"><span class='ocrx_word' id='word_1_563' title='bbox 1468 4227 1688 4319; x_wconf 90' lang='lat' dir='ltr'><strong>Plerumque</strong></span> <span class='ocrx_word' id='word_1_564' title='bbox 1711 4247 1797 4292; x_wconf 89' lang='lat' dir='ltr'><strong>vero</strong></span> <span class='ocrx_word' id='word_1_565' title='bbox 1822 4225 1913 4293; x_wconf 89' lang='lat' dir='ltr'><strong>liunt</strong></span> <span class='ocrx_word' id='word_1_566' title='bbox 1933 4219 2129 4303; x_wconf 87' lang='lat' dir='ltr'><strong>laesiones,</strong></span> <span class='ocrx_word' id='word_1_567' title='bbox 2162 4229 2242 4288; x_wconf 89' lang='lat' dir='ltr'><strong>cum</strong></span> <span class='ocrx_word' id='word_1_568' title='bbox 2257 4215 2372 4291; x_wconf 85' lang='lat' dir='ltr'><strong>Luna</strong></span> 
     </span>
     <span class='ocr_line' id='line_1_86' title="bbox 1369 4320 2371 4421; baseline -0.012 -19"><span class='ocrx_word' id='word_1_569' title='bbox 1369 4345 1422 4404; x_wconf 90' lang='lat' dir='ltr'><strong>est</strong></span> <span class='ocrx_word' id='word_1_570' title='bbox 1444 4331 1484 4400; x_wconf 91' lang='lat' dir='ltr'><strong>in</strong></span> <span class='ocrx_word' id='word_1_571' title='bbox 1507 4328 1616 4421; x_wconf 87' lang='lat' dir='ltr'><strong>signis</strong></span> <span class='ocrx_word' id='word_1_572' title='bbox 1639 4325 1804 4419; x_wconf 85' lang='lat' dir='ltr'><strong>tropicis,</strong></span> <span class='ocrx_word' id='word_1_573' title='bbox 1843 4337 1907 4396; x_wconf 92' lang='lat' dir='ltr'><strong>aut</strong></span> <span class='ocrx_word' id='word_1_574' title='bbox 1928 4321 2262 4419; x_wconf 90' lang='lat' dir='ltr'><strong>aequinoctialibus.</strong></span> <span class='ocrx_word' id='word_1_575' title='bbox 2328 4320 2371 4390; x_wconf 92' lang='lat' dir='ltr'><strong>ln</strong></span> 
     </span>
     <span class='ocr_line' id='line_1_87' title="bbox 1369 4425 2370 4524; baseline -0.012 -18"><span class='ocrx_word' id='word_1_576' title='bbox 1369 4459 1452 4506; x_wconf 87' lang='lat' dir='ltr'><strong>vere</strong></span> <span class='ocrx_word' id='word_1_577' title='bbox 1468 4431 1627 4524; x_wconf 83' lang='lat' dir='ltr'><strong>vitiligo,</strong></span> <span class='ocrx_word' id='word_1_578' title='bbox 1653 4431 1692 4498; x_wconf 94' lang='lat' dir='ltr'><strong>in</strong></span> <span class='ocrx_word' id='word_1_579' title='bbox 1710 4441 1841 4501; x_wconf 89' lang='lat' dir='ltr'><strong>aestate</strong></span> <span class='ocrx_word' id='word_1_580' title='bbox 1858 4427 2103 4520; x_wconf 90' lang='lat' dir='ltr'><strong>impetigines,</strong></span> <span class='ocrx_word' id='word_1_581' title='bbox 2129 4425 2169 4493; x_wconf 92' lang='lat' dir='ltr'><strong>in</strong></span> <span class='ocrx_word' id='word_1_582' title='bbox 2189 4435 2370 4494; x_wconf 88' lang='lat' dir='ltr'><strong>autumno</strong></span> 
     </span>
     <span class='ocr_line' id='line_1_88' title="bbox 1368 4532 1913 4634; baseline -0.009 -26"><span class='ocrx_word' id='word_1_583' title='bbox 1368 4541 1468 4634; x_wconf 89' lang='lat' dir='ltr'><strong>lepra</strong></span> <span class='ocrx_word' id='word_1_584' title='bbox 1483 4591 1493 4622; x_wconf 95' lang='lat'><strong>,</strong></span> <span class='ocrx_word' id='word_1_585' title='bbox 1525 4537 1562 4604; x_wconf 90' lang='lat' dir='ltr'><strong>in</strong></span> <span class='ocrx_word' id='word_1_586' title='bbox 1574 4532 1693 4604; x_wconf 91' lang='lat' dir='ltr'><strong>hieme</strong></span> <span class='ocrx_word' id='word_1_587' title='bbox 1708 4533 1913 4604; x_wconf 88' lang='lat' dir='ltr'><strong>lenticulae.</strong></span> 
     </span>
    </p>

    <p class='ocr_par' dir='ltr' id='par_1_17' title="bbox 1370 4629 2378 4838">
     <span class='ocr_line' id='line_1_89' title="bbox 1470 4629 2376 4725; baseline -0.012 -16"><span class='ocrx_word' id='word_1_588' title='bbox 1470 4639 1567 4709; x_wconf 91' lang='lat' dir='ltr'><strong>llaec</strong></span> <span class='ocrx_word' id='word_1_589' title='bbox 1584 4637 1770 4722; x_wconf 86' lang='lat' dir='ltr'><strong>accidunt,</strong></span> <span class='ocrx_word' id='word_1_590' title='bbox 1798 4661 1878 4706; x_wconf 88' lang='lat' dir='ltr'><strong>cum</strong></span> <span class='ocrx_word' id='word_1_591' title='bbox 1897 4633 2047 4703; x_wconf 90' lang='lat' dir='ltr'><strong>indicto</strong></span> <span class='ocrx_word' id='word_1_592' title='bbox 2070 4629 2191 4725; x_wconf 87' lang='lat' dir='ltr'><strong>positu</strong></span> <span class='ocrx_word' id='word_1_593' title='bbox 2212 4629 2376 4698; x_wconf 80' lang='lat' dir='ltr'><strong>malefici</strong></span> 
     </span>
     <span class='ocr_line' id='line_1_90' title="bbox 1370 4731 2378 4838; baseline -0.015 -24"><span class='ocrx_word' id='word_1_594' title='bbox 1370 4744 1570 4838; x_wconf 89' lang='lat' dir='ltr'><strong>adspiciunt</strong></span> <span class='ocrx_word' id='word_1_595' title='bbox 1592 4739 1774 4810; x_wconf 88' lang='lat' dir='ltr'><strong>contrario</strong></span> <span class='ocrx_word' id='word_1_596' title='bbox 1800 4741 1987 4829; x_wconf 89' lang='lat' dir='ltr'><strong>adspectu,</strong></span> <span class='ocrx_word' id='word_1_597' title='bbox 2019 4731 2215 4828; x_wconf 89' lang='lat' dir='ltr'><strong>vespertini</strong></span> <span class='ocrx_word' id='word_1_598' title='bbox 2230 4731 2378 4818; x_wconf 87' lang='lat' dir='ltr'><strong>Solem,</strong></span> 
     </span>
    </p>
   </div>
   <div class='ocr_carea' id='block_1_11' title="bbox 1368 4844 2384 5030">
    <p class='ocr_par' dir='ltr' id='par_1_18' title="bbox 1368 4844 2384 5030">
     <span class='ocr_line' id='line_1_91' title="bbox 1368 4844 1707 4919; baseline -0.012 -2"><span class='ocrx_word' id='word_1_599' title='bbox 1368 4845 1538 4919; x_wconf 91' lang='lat' dir='ltr'><strong>matutini</strong></span> <span class='ocrx_word' id='word_1_600' title='bbox 1552 4844 1707 4915; x_wconf 72' lang='lat' dir='ltr'><strong>Lernam.</strong></span> 
     </span>
     <span class='ocr_line' id='line_1_92' title="bbox 1468 4937 2384 5030; baseline -0.016 -9"><span class='ocrx_word' id='word_1_601' title='bbox 1468 4944 1780 5021; x_wconf 79' lang='lat' dir='ltr'><strong>Ecuniversattter</strong></span> <span class='ocrx_word' id='word_1_602' title='bbox 1794 4942 1970 5014; x_wconf 91' lang='lat' dir='ltr'><strong>Saturnus</strong></span> <span class='ocrx_word' id='word_1_603' title='bbox 1984 4951 2125 5009; x_wconf 88' lang='lat' dir='ltr'><strong>ventres</strong></span> <span class='ocrx_word' id='word_1_604' title='bbox 2141 4937 2292 5030; x_wconf 76' lang='lat' dir='ltr'><strong>frigidos</strong></span> <span class='ocrx_word' id='word_1_605' title='bbox 2319 4938 2384 5007; x_wconf 82' lang='lat' dir='ltr'><strong>fa-</strong></span> 
     </span>
    </p>
   </div>
   <div class='ocr_carea' id='block_1_12' title="bbox 1368 5041 2391 5552">
    <p class='ocr_par' dir='ltr' id='par_1_19' title="bbox 1368 5041 2391 5552">
     <span class='ocr_line' id='line_1_93' title="bbox 1369 5041 2385 5142; baseline -0.015 -18"><span class='ocrx_word' id='word_1_606' title='bbox 1369 5056 1436 5138; x_wconf 91' lang='lat' dir='ltr'><strong>cit,</strong></span> <span class='ocrx_word' id='word_1_607' title='bbox 1463 5067 1500 5124; x_wconf 91' lang='lat' dir='ltr'><strong>et</strong></span> <span class='ocrx_word' id='word_1_608' title='bbox 1520 5063 1627 5142; x_wconf 90' lang='lat' dir='ltr'><strong>auget</strong></span> <span class='ocrx_word' id='word_1_609' title='bbox 1648 5048 1815 5140; x_wconf 89' lang='lat' dir='ltr'><strong>pituitam</strong></span> <span class='ocrx_word' id='word_1_610' title='bbox 1840 5069 1881 5116; x_wconf 90' lang='lat' dir='ltr'><strong>ac</strong></span> <span class='ocrx_word' id='word_1_611' title='bbox 1903 5045 2038 5126; x_wconf 87' lang='lat' dir='ltr'><strong>fluxus,</strong></span> <span class='ocrx_word' id='word_1_612' title='bbox 2070 5054 2106 5112; x_wconf 94' lang='lat' dir='ltr'><strong>et</strong></span> <span class='ocrx_word' id='word_1_613' title='bbox 2129 5041 2236 5112; x_wconf 85' lang='lat' dir='ltr'><strong>efficit</strong></span> <span class='ocrx_word' id='word_1_614' title='bbox 2255 5042 2385 5110; x_wconf 87' lang='lat' dir='ltr'><strong>maci-</strong></span> 
     </span>
     <span class='ocr_line' id='line_1_94' title="bbox 1369 5146 2388 5241; baseline -0.012 -15"><span class='ocrx_word' id='word_1_615' title='bbox 1369 5159 1503 5239; x_wconf 92' lang='lat' dir='ltr'><strong>lentos,</strong></span> <span class='ocrx_word' id='word_1_616' title='bbox 1529 5165 1566 5222; x_wconf 93' lang='lat' dir='ltr'><strong>et</strong></span> <span class='ocrx_word' id='word_1_617' title='bbox 1579 5151 1791 5233; x_wconf 87' lang='lat' dir='ltr'><strong>imbecilles,</strong></span> <span class='ocrx_word' id='word_1_618' title='bbox 1818 5147 1993 5218; x_wconf 88' lang='lat' dir='ltr'><strong>obnoxios</strong></span> <span class='ocrx_word' id='word_1_619' title='bbox 2008 5146 2241 5241; x_wconf 85' lang='lat' dir='ltr'><strong>dysenteriis,</strong></span> <span class='ocrx_word' id='word_1_620' title='bbox 2264 5147 2388 5232; x_wconf 87' lang='lat' dir='ltr'><strong>tussi,</strong></span> 
     </span>
     <span class='ocr_line' id='line_1_95' title="bbox 1368 5247 2391 5346; baseline -0.01 -17"><span class='ocrx_word' id='word_1_621' title='bbox 1368 5258 1557 5329; x_wconf 83' lang='lat' dir='ltr'><strong>difficulter</strong></span> <span class='ocrx_word' id='word_1_622' title='bbox 1572 5265 1792 5346; x_wconf 89' lang='lat' dir='ltr'><strong>exspuentes,</strong></span> <span class='ocrx_word' id='word_1_623' title='bbox 1808 5251 1993 5321; x_wconf 87' lang='lat' dir='ltr'><strong>doloribus</strong></span> <span class='ocrx_word' id='word_1_624' title='bbox 2007 5250 2191 5322; x_wconf 88' lang='lat' dir='ltr'><strong>crassioris</strong></span> <span class='ocrx_word' id='word_1_625' title='bbox 2205 5247 2391 5319; x_wconf 88' lang='lat' dir='ltr'><strong>intestini</strong></span> 
     </span>
     <span class='ocr_line' id='line_1_96' title="bbox 1369 5345 2390 5448; baseline -0.022 -15"><span class='ocrx_word' id='word_1_626' title='bbox 1369 5361 1632 5440; x_wconf 85' lang='lat' dir='ltr'><strong>conflictantes,</strong></span> <span class='ocrx_word' id='word_1_627' title='bbox 1660 5345 1905 5448; x_wconf 82' lang='lat' dir='ltr'><strong>elephantiasi</strong></span> <span class='ocrx_word' id='word_1_628' title='bbox 1917 5355 2139 5434; x_wconf 87' lang='lat' dir='ltr'><strong>laborantes;</strong></span> <span class='ocrx_word' id='word_1_629' title='bbox 2173 5353 2210 5420; x_wconf 91' lang='lat' dir='ltr'><strong>in</strong></span> <span class='ocrx_word' id='word_1_630' title='bbox 2235 5351 2390 5424; x_wconf 81' lang='lat' dir='ltr'><strong>mulie.</strong></span> 
     </span>
     <span class='ocr_line' id='line_1_97' title="bbox 1369 5459 1960 5552; baseline -0.007 -17"><span class='ocrx_word' id='word_1_631' title='bbox 1369 5467 1468 5536; x_wconf 87' lang='lat' dir='ltr'><strong>ribos</strong></span> <span class='ocrx_word' id='word_1_632' title='bbox 1484 5487 1591 5546; x_wconf 90' lang='lat' dir='ltr'><strong>vero,</strong></span> <span class='ocrx_word' id='word_1_633' title='bbox 1616 5459 1775 5532; x_wconf 89' lang='lat' dir='ltr'><strong>matricis</strong></span> <span class='ocrx_word' id='word_1_634' title='bbox 1789 5459 1960 5552; x_wconf 87' lang='lat' dir='ltr'><strong>pericula.</strong></span> 
     </span>
    </p>
   </div>
   <div class='ocr_carea' id='block_1_13' title="bbox 0 0 2432 6116">
    <p class='ocr_par' dir='ltr' id='par_1_20' title="bbox 0 0 2432 6116">
     <span class='ocr_line' id='line_1_98' title="bbox 0 0 2432 6116; baseline 0 0"><span class='ocrx_word' id='word_1_635' title='bbox 0 0 2432 6116; x_wconf 95' lang='lat' dir='ltr'><strong> </strong></span> 
     </span>
    </p>
   </div>
  </div>
 </body>
</html>
