4768 6100
326 171 425 242 1079
650 286 654 294 ι
782 195 790 236 2
891 175 1013 251 Plllb.
1049 175 1167 256 Mitt:
1195 183 1398 260 SCRIPTA
1432 193 1770 274 Plllbouoolcs
1815 255 1820 271 .
2237 227 2315 302 litto

375 343 555 414 Seditiooe
571 345 742 416 laborans
756 357 791 414 ct
806 347 911 418 maiia
924 351 1091 425 consiliis.

373 445 569 541 Nunquam
586 435 682 528 enim
700 449 787 520 alias
802 463 837 520 te
854 452 1042 524 dominum
1058 451 1309 559 hahuissetfl).

322 544 398 621 275
422 553 515 640 May.
539 549 666 620 Laudo
685 575 803 634 sencs;
827 554 1025 626 amicorum
1044 559 1139 630 enim
1155 562 1277 662 gratia¹

372 650 517 722 Amicos
532 653 623 722 iram
640 655 773 725 iustam
790 652 922 728 habere
934 661 1117 733 convenit.

372 755 442 824 Sed
460 768 605 849 propter
621 781 688 828 nos
705 759 789 828 irati
806 761 962 833 dominis
1088 761 1090 768 '
1163 765 1166 772 ’

371 853 470 928 Nihil
487 859 695 951 patiamini;
719 864 932 948 scdmeam,
953 860 1184 959 Amphitryo,

372 961 593 1032 Sententiam
610 964 713 1048 audi,
740 966 770 1035 si
785 966 870 1059 quid
885 967 951 1037 tibi
968 968 1091 1040 videar
1104 969 1232 1038 dicere.

320 1059 397 1134 280
421 1061 598 1158 Equidem
625 1065 755 1138 liberos
780 1091 880 1148 amo;
905 1072 1088 1164 quomodo
1112 1070 1207 1140 enim
1232 1091 1308 1142 non

736 1193 909 1256 amarem,

373 1268 474 1358 Quae
484 1270 633 1360 peperi,
658 1297 750 1364 quae
767 1273 993 1370 enixasum?
1019 1287 1184 1345 etmorte
1269 1301 1305 1343 m

371 1368 542 1439 Miseram
559 1372 697 1453 iudico;
720 1388 754 1443 et
769 1377 970 1446 necestitati

370 1471 444 1564 Qui
459 1473 609 1559 resistit,
632 1499 713 1544 eum
728 1473 911 1548 hominem
928 1479 1075 1550 stultum
1092 1479 1267 1550 existimo.

1362 359 1438 436 295
1477 364 1611 438 Verum
1632 373 1853 490 ‘considera
1897 381 2080 472 quomodo
2112 413 2205 482 spem
2218 391 2315 468 'tuan

1777 477 1988 556 existimem.

1411 567 1469 638 An
1488 585 1592 662 putas
1607 575 1721 646 filium
1738 590 1841 648 tuum
1858 604 1877 648 a
1895 593 1990 654 terra
2008 599 2214 668 venturum?
2270 621 2273 628 ⁴

1412 671 1501 761 Quis
1516 688 1742 748 mortuorum
1762 704 1806 750 ex
1822 681 1945 756 inieris
1959 687 2090 759 rediit?

1307 771 1313 777 ’
1413 773 1483 842 Sed
1499 775 1639 849 etiamsi
1651 781 1770 852 verbis
1783 777 1880 856 hamc
1893 787 2127 881 placaremus,

1411 873 1563 948 Minime
1581 884 1748 954 convenit
1758 885 1874 956 virum
1890 889 2038 962 stultum
2054 889 2190 968 hostem
2200 902 2315 992 fugere

1361 973 1436 1046 300
1468 979 1695 1071 sapientibus
1712 1010 1797 1055 vero
1818 1001 1854 1056 et
1869 985 2016 1063 honeste
2038 997 2192 1071 educatis
2215 1007 2315 1074 cedere

1770 1092 1947 1164 convenii.

1410 1179 1563 1255 Facilius
1581 1183 1675 1253 euim
1692 1190 1867 1278 pudorem
1884 1194 2047 1269 iniiciens
2061 1200 2196 1274 bonum
2207 1206 2316 1299 aliquid

1766 1315 1995 1389 consequare.

1409 1378 1479 1450 Sed
1494 1387 1592 1456 veuit
1606 1383 1697 1458 mihi
1721 1391 1793 1462 iam
1808 1395 1848 1464 in
1862 1411 2037 1470 mentem:
2062 1403 2099 1474 si
2118 1406 2317 1497 deprecando

1766 1495 2040 1588 impetraremus
2072 1550 2083 1576 a
2132 1515 2150 1580 .’
2177 1531 2217 1567 ’ν’

368 1573 443 1644 Nos
461 1587 579 1646 autern
596 1580 741 1670 quando
759 1581 854 1650 mori
869 1605 1009 1654 necesse
1026 1593 1095 1664 est,
1113 1583 1206 1650 mori
1223 1607 1305 1651 con·
1408 1579 1522 1656 Exilia
1539 1588 1735 1664 liberorum
1752 1593 1900 1670 horum:
1923 1613 2044 1674 tamen
2058 1605 2097 1678 id
2116 1631 2255 1701 quoque
2270 1611 2321 1680 mi·

387 1721 390 1726 ·
730 1684 826 1752 venit

318 1774 395 1851 285
417 1778 471 1851 Ne
488 1781 562 1873 igni
579 1785 799 1876 consumpti,
824 1737 985 1858 hostibus
999 1785 1110 1855 risum

1768 1723 1887 1772 serum
1904 1715 1968 1786 est,

1408 1786 1566 1860 Salutem
1581 1795 1777 1868 miserabili
1789 1825 1871 1872 cum
1887 1819 2100 1898 paupertate
2116 1770 2273 1902 adipisci,

369 1881 595 1956 Moveamus:
614 1888 701 1980 quid
716 1885 806 1956 mihi
822 1888 1087 1958 videturmorte
1103 1887 1305 1979 ipsamaius
1357 1885 1432 1958 306
1455 1891 1581 1984 „Quia
1597 1899 1703 1970 amici
1715 1902 1858 1992 fugiunt
1870 1906 2008 1980 vultum
2024 1905 2225 2003 hospitum,

725 1991 872 2060 malum.

368 2083 510 2156 Etenim
539 2073 707 2161 debemus
734 2093 884 2162 multam
918 2087 1141 2164 honestatem
1176 2093 1305 2162 domus

731 2195 836 2264 tueri.

368 2289 421 2358 Te
440 2291 533 2383 cepit
551 2292 674 2385 opinio
690 2297 837 2368 celebris
851 2293 1048 2389 hastae”);

1408 1991 1553 2073 „Unum
1563 1997 1656 2069 diem
1666 2003 1781 2074 solum
1789 2005 1983 2080 iucundius
1994 2014 2206 2104 adspectum
2214 2011 2323 2086 habere

1678 2107 1904 2182 ·dictmt.

1391 2197 1512 2268 ·Ausis
1526 2202 1712 2274 uobiscum
1728 2223 1881 2282 mortem
1898 2227 2091 2308 oppetere,
2116 2243 2211 2314 quae
2226 2232 2325 2288 tarum

1764 2324 1798 2382 te
1812 2329 1945 2388 manet.

366 2391 487 2484 Quare
518 2417 592 2464 non
624 2409 675 2467 est
703 2400 914 2481 ferendum,
951 2409 993 2467 ut
1019 2395 1187 2468 moriaris
1214 2420 1302 2489 prae
1407 2399 1577 2473 Obtestor
1594 2419 1628 2476 te
1644 2424 1821 2500 periuam
1836 2416 2122 2508 ingenuitatem,
2151 2447 2298 2495 osenar.

730 2502 939 2580 timiditate3

1407 2502 1651 2602 „Quicunque
1666 2512 1793 2586 incidit
1809 2517 1848 2586 in
1863 2521 2085 2596 calamitates
2101 2525 2283 2606 divinitus,

313 2595 391 2669 290
405 2596 507 2668 Meus
525 2623 611 2670 vero
629 2627 822 2694 generosus
833 2601 983 2674 maritus
997 2601 1073 2671 sinc
1092 2613 1179 2672 teste
1194 2601 1302 2672 etiam
1355 2603 1430 2673 310
1456 2658 1478 2689 ‚,
1487 2607 1676 2686 Confidens
1691 2630 1760 2698 esta
1783 2622 1846 2690 sed
1860 2623 2009 2694 audacia
2022 2624 2087 2696 illa
2107 2628 2220 2700 stulta
2234 2639 2292 2698 est

730 2707 877 2791 indicat,

368 2801 476 2893 Quod
493 2827 568 2873 non
586 2807 671 2876 velit
684 2807 817 2880 liberos
834 2833 917 2881 suos
931 2807 1082 2877 liberare

366 2902 502 2973 Malam
520 2908 653 2978 famam
674 2914 839 3004 adeptos;
861 2935 945 2982 narn
962 2909 1125 3002 generosi

366 3004 462 3075 Male
482 3011 633 3083 audiunt
650 3017 747 3105 apud
763 3012 882 3086 hostes
897 3037 963 3106 pro
978 3011 1112 3082 liberis.
1208 3011 1213 3024 '

366 3104 459 3178 Mihi
472 3135 548 3180 non
563 3126 614 3185 est
628 3119 850 3208 repudianda
867 3118 1021 3187 imitatio
1037 3109 1173 3204 viri”).

350 3410 554 3534 vpbgpcrhgl
571 3419 715 3480 partus-
727 3419 876 3472 leausset.
896 3415 953 3482 (vs.
970 3411 1161 3481 iiii—tim
1187 3415 1228 3466 sic
1251 3415 1301 3470 ti.

458 3519 481 3548 .‚
545 3523 552 3537 .
572 3487 667 3542 lobea

423 3548 508 3604 Cher.
528 3554 551 3604 0
568 3557 663 3606 terrae
680 3555 839 3620 exereitus,
858 3567 928 3618 euos
945 3553 1023 3604 biars
1042 3551 1160 3607 seminat
1177 3551 1251 3620 oiim,

419 3623 533 3684 Ampiae
549 3623 678 3674 draconis
694 3621 815 3676 vacuans
833 3625 973 3686 maxillas,

419 3689 481 3740 Nou
498 3703 545 3740 sce
563 3694 609 3744 tra
626 3705 723 3744 manus
742 3695 856 3743 dextrae
873 3692 1024 3744 statumina
1109 3714 1113 3720 -

418 3759 529 3808 'sallitis
541 3706 561 3810 i
574 3765 601 3809 et
619 3762 697 3810 bailus
716 3763 769 3810 viri
785 3762 895 3824 impiam
913 3763 995 3823 captat
1157 3751 1162 3760 ’

419 3823 602 3879 cruentatis?
619 3829 664 3892 ciri
680 3843 735 3880 aaa
752 3832 897 3882 thebarum
915 3831 1047 3892 existens,

418 3897 565 3959 Imperium
583 3898 688 3948 obtinet
705 3899 843 3960 pessimus
861 3900 1006 3960 iuvenum,
1023 3899 1131 3948 advena
1150 3893 1295 3950 existensi

420 3966 476 4015 Sed
492 3977 547 4016 non
564 3967 617 4016 mei
633 3969 663 4016 tu
681 3967 863 4017 dominaberis
881 3969 971 4016 iaetus
989 3978 1116 4030 unquam,

420 4035 515 4098 Neque
532 4047 603 4097 quae
619 4036 760 4086 elaboravi
778 4037 864 4086 muita
881 4047 932 4099 ego
950 4037 1066 4098 patrans
1082 4047 1174 4102 manu,

421 4103 552 4154 Habebis.
588 4105 643 4156 Sed
662 4107 734 4154 male
752 4105 847 4155 abiens
864 4106 936 4155 aride
956 4105 1072 4165 venisti,
1090 4105 1147 4154 illie

421 4173 553 4223 Petriana
570 4173 627 4236 ais;
651 4187 695 4223 me
713 4173 783 4223 enim
807 4173 919 4224 vivente
937 4186 992 4224 oon
1015 4174 1166 4226 latericios
1183 4185 1301 4238 unquam

420 4241 547 4291 Herculis
565 4243 653 4304 filios3
672 4255 725 4293 non
744 4245 914 4306 usqueadeo
931 4247 1039 4293 terrani

417 4311 493 4360 lutra
510 4311 559 4362 iiie
576 4315 731 4363 occultatur
748 4311 868 4362 desertis
886 4313 962 4374 liliis,

418 4379 550 4438 Quoniam
569 4381 599 4428 tn
617 4380 723 4442 quidem
741 4383 845 4430 terram
863 4383 932 4432 banc
950 4379 1110 4444 perdidisti;

418 4449 468 4498 tile
486 4459 553 4499 vero
570 4461 633 4498 oum
649 4451 776 4513 auxerit,
793 4452 919 4500 meritum
936 4461 990 4500 non
1011 4447 1197 4511 consequitur.

420 4515 455 4564 at
472 4517 570 4566 deiude
587 4517 685 4569 lactem
705 4519 818 4582 egregie
836 4531 905 4582 ego,
922 4519 1018 4569 amicte
1036 4518 1108 4568 meis

421 4585 564 4644 „llcrtuls
584 4587 776 4650 beneiaciens,
795 4589 839 4638 obi
856 4588 953 4637 amieis
971 4587 1088 4636 mulne
1104 4597 1173 4649 opus
1191 4587 1244 4638 est.

422 4653 445 4703 0
463 4653 562 4703 dextra
577 4665 690 4718 manus,
710 4657 740 4705 ct
757 4655 899 4706 desideras
917 4656 1124 4717 apprehendere
1139 4657 1258 4720 basiam

420 4721 476 4772 Seii
492 4733 542 4783 per
562 4723 776 4776 imbecillitatem
793 4725 932 4775 loctunam
948 4725 1079 4790 amisisti,

416 4789 549 4853 Quoniam
567 4795 594 4841 te
611 4803 827 4854 compescerem,
849 4803 960 4842 servum
976 4793 1160 4855 appellantem
1177 4805 1231 4857 me,

417 4861 453 4910 at
470 4861 520 4910 bas
539 4859 644 4910 ibebas
661 4862 785 4922 gloriose
800 4863 993 4924 incoleremus‚

418 4930 520 4992 ouibus
538 4930 567 4976 tu
586 4927 714 4978 insultas.
750 4933 836 4991 „Non
855 4931 926 4980 enim
947 4933 1022 4980 reete
1040 4929 1113 4991 sapit
1131 4929 1243 4992 civitas,

416 4998 584 5062 „seditione
601 4997 748 5060 laborans,
767 5001 795 5048 et
812 5001 894 5050 maiis
911 4997 1167 5050 consultationibus.

419 5067 567 5118 Nou-euim
585 5075 704 5129 uuquam
721 5069 749 5116 te
765 5068 901 5118 dominnm
918 5069 1079 5131 accepisset.

350 5169 398 5236 28)
416 5171 454 5220 i’e
470 5171 542 5234 cepit
558 5197 593 5208 -
610 5165 736 5236 butam]
761 5171 828 5220 baec
856 5171 883 5220 in
904 5183 990 5236 marg.
1009 5145 1064 5226 liti.x
1079 5171 1154 5224 teet.
1179 5169 1220 5220 sic
1248 5181 1298 5218 ex-
1323 5193 1327 5288 Ι

383 5240 533 5302 plicantur:
555 5239 665 5292 babitus
684 5253 715 5290 es
733 5250 783 5302 pro
801 5239 877 5294 torti.
925 5307 928 5312 Ι

347 5339 611 5462 ἨὲᾱΜιεὲἐθῐιιιιᾱο
629 5365 663 5379 ···
679 5341 743 5391 viri.
768 5345 827 5402 (vs.
847 5339 1035 5406 nii-md]
1066 5341 1107 5393 sie
1135 5343 1184 5392 Ed.
1205 5341 1297 5408 litem

1406 2705 1563 2791 „Nullus
1579 2716 1694 2803 enim,
1717 2745 1762 2790 ne
1778 2721 1874 2794 Deus
1892 2725 2057 2818 quidem,
2073 2729 2207 2814 faciet,
2229 2753 2270 2798 nc
2284 2727 2332 2794 iiai

1767 2823 1822 2908 id,
1843 2829 1941 2919 quod
1955 2851 2045 2919 opus
2060 2829 2191 2930 αι’).

1409 2913 1504 2984 otor.
1531 2915 1569 2986 Si
1585 2919 1666 3012 quis
1682 2924 1881 2998 valentibus
1896 2929 1984 3000 meis
1998 2929 2167 3005 brachiis

1356 3051 1559 3070 ᾖ

1457 3134 1532 3199 ideo.
1550 3133 1573 3186 t)
1592 3147 1674 3186 senes
1691 3137 1783 3194 laudo.
1820 3143 2048 3208 „enimenim
2067 3151 2192 3213 propter

1460 3203 1547 3268 „iras
1566 3203 1655 3254 iustas
1673 3209 1776 3260 amicos
1792 3211 1893 3262 babere
1911 3215 2049 3270 convenit

1458 3271 1554 3322 Nostri
1570 3273 1618 3322 sed
1636 3275 1727 3338 gratia
1744 3277 1863 3330 dominis
1881 3281 1957 3345 irati,

1457 3337 1605 3390 Potiamlui
1620 3343 1705 3407 ltflfflt
1722 3357 1811 3398 meam
1830 3361 1915 3413 vero,
1932 3351 2115 3420 amphitryo,

1459 3409 1629 3462 Sententiam
1647 3412 1725 3478 sudi,
1743 3415 1768 3464 si
1785 3415 1849 3478 quii
1866 3417 1914 3468 tibi
1932 3417 2028 3470 videor
2047 3422 2161 3476 elicere.

1457 3479 1518 3541 ligo
1536 3489 1597 3528 amo
1614 3479 1857 3548 sollemniores,
1875 3485 1967 3548 quidni
1983 3487 2056 3538 euim
2078 3501 2230 3556 amnem,

1460 3550 1536 3608 onae
1554 3547 1661 3612 peperi,
1680 3561 1751 3611 quae
1768 3551 1851 3602 eaba
1868 3547 1950 3605 euml
1967 3558 1996 3606 et
2012 3557 2090 3608 mori

1458 3615 1591 3666 bliserum
1608 3618 1682 3677 puto.
1718 3649 1738 3682 „
1746 3621 1912 3670 Necessitati
1928 3635 1996 3674 vero
2174 3619 2179 3630 ’

1459 3684 1539 3748 „Qui
1555 3685 1704 3751 obnititur,
1721 3687 1828 3738 laevun
1847 3690 1972 3742 existimo
1989 3692 2145 3748 bominem.

1457 3753 1543 3818 „Nos
1562 3763 1628 3802 vera
1648 3754 1774 3814 quoniam
1793 3761 1901 3818 oportet
1919 3761 2005 3823 mori,
2023 3763 2100 3814 mori
2121 3767 2269 3826 convenit,

1460 3821 1547 3885 „Non
1566 3819 1630 3883 igne
1646 3823 1763 3872 ambusti
1780 3826 1904 3876 hostibus
1922 3829 2008 3878 risum

1460 3889 1671 3952 „micantem
1691 3892 1760 3952 qood
1780 3893 1842 3942 milii
1861 3894 1922 3956 ipsa
1938 3899 2028 3946 morte
2046 3899 2148 3952 maius
2166 3905 2278 3958 maium.

1459 3958 1593 4006 Debemus
1612 3957 1684 4007 enim
1703 3962 1814 4012 multam
1832 3963 1986 4014 dominibus
2004 3965 2213 4024 honestatem(

1461 4025 1622 4086 'tequidem
1641 4026 1809 4080 existimatio
1827 4031 1898 4092 oepit
1914 4033 2040 4094 gloriose
2061 4037 2108 4088 rei
2131 4041 2261 4105 bellicae,

1459 4097 1554 4155 ltaque
1571 4105 1626 4144 non
1645 4096 1789 4146 tolerabile
1807 4111 1856 4160 per
1874 4100 2046 4154 timiditatem
2068 4107 2159 4163 mori.

1459 4165 1537 4212 Meus
1555 4174 1623 4212 vero
1641 4165 1744 4228 absque
1760 4169 1833 4216 teste
1849 4169 1992 4231 gloriosus
2009 4175 2150 4240 maritas,

1459 4230 1511 4292 oui
1526 4231 1608 4280 boses
1626 4231 1698 4282 iiiios
1716 4235 1803 4284 nollet
1821 4239 1932 4287 servari

1455 4299 1569 4351 Famem
1587 4301 1687 4350 mnam
1703 4299 1829 4364 adeptos.
1864 4307 2028 4368 „Generosi
2048 4309 2133 4364 enim

1458 4370 1559 4433 „lllale
1574 4369 1688 4419 audiunt
1705 4371 1775 4434 apud
1793 4373 1906 4436 hostes,
1923 4379 2038 4438 propter
2058 4379 2154 4432 fliius.

1456 4437 1577 4500 bilbique
1595 4437 1709 4488 imitatio
1729 4439 1854 4492 viribon
1874 4445 2054 4506 repudianda.

1385 4522 1622 4643 ”huvita-.-
1647 4535 1715 4584 opus
1739 4527 1791 4575 est.
1819 4525 1874 4590 (vs.
1894 4527 2096 4599 Sto-tim
2123 4538 2171 4590 eie
2196 4539 2248 4589 u.
2269 4531 2341 4588 lette

1457 4661 1511 4712 led
1527 4659 1705 4711 considerato
1722 4665 1796 4712 team
1814 4677 1907 4728 apem,
1925 4669 2067 4728 scamaras
2088 4673 2210 4741 collige.

1454 4730 1610 4780 venturum
1628 4729 1871 4782 existimantium
1888 4738 1963 4784 tunm
1981 4739 2034 4787 sub
2055 4742 2169 4797 terret

1456 4799 1519 4866 „lit
1536 4797 1597 4860 quis
1614 4801 1783 4850 mortuoram
1800 4811 1933 4851 reversus
1951 4808 1996 4854 est
2016 4817 2035 4856 a
2055 4806 2207 4864 Platone?

1458 4869 1560 4918 Verum
1578 4866 1608 4914 at
1625 4868 1799 4918 sermonibus
1818 4881 1879 4919 eom
1897 4873 2072 4941 molliamus,

1454 4934 1594 5000 „Minime
1610 4933 1709 4998 ingere
1725 4936 1876 5000 improbum
1895 4939 1984 4992 virum
2001 4943 2121 4998 bostem
2140 4949 2279 4999 convenit.

1454 5037 1474 5068 ‚,
1485 5002 1661 5064 sapientibus
1680 5015 1747 5054 vero
1765 5007 1880 5064 cedere,
1899 5011 1926 5057 et
1944 5009 2078 5064 ademtis
2098 5017 2234 5068 honeste.

1455 5071 1606 5138 „Facilius
1631 5071 1704 5122 euim
1727 5085 1778 5136 per
1801 5077 1995 5154 uerecundiam
2012 5093 2160 5150 monens,
2185 5091 2268 5150 grata
2285 5081 2340 5132 ese·

1764 5155 1847 5195 cens.

1452 5203 1534 5259 blodo
1557 5217 1625 5258 vero
1648 5207 1676 5258 iu
1699 5207 1817 5260 animum
1836 5212 1927 5278 venit,
1955 5212 1981 5263 si
2003 5214 2196 5280 deprecando
2220 5221 2337 5285 impetra·

1451 5343 1542 5396 lixiiia
1558 5345 1676 5400 tiliorum
1693 5291 1969 5412 torchiiffverm
1986 5349 2076 5404 etiam
2095 5357 2152 5408 boe
2172 5360 2308 5416 miseran,

1452 5415 1643 5479 „Paupertate
1659 5428 1720 5467 eam
1736 5415 1889 5470 miserabili
1905 5419 2056 5484 accubare
2075 5427 2214 5492 satutem,
