4780 6102
51 251 131 326 589
475 247 564 322 LXI.
618 247 1016 327 INTERI’RETA'I'IO
1042 249 1410 328 ANDIIOMACHES
1435 246 1686 320 EURIPIDIS.
2024 251 2101 324 590

52 423 131 498 595
158 425 276 518 Qararm
292 373 478 496 horribilia
495 423 637 518 patior,
659 425 746 520 quid
766 423 961 521 miltidpus
977 445 1054 500 erat
1104 468 1108 483 ·
1156 427 1226 496 Sed
1241 427 1288 496 de
1302 425 1381 497 isto
1391 447 1504 518 puero
1521 421 1688 492 maalilia
1710 421 1901 510 iudicabit,

245 592 251 605 ,
337 562 342 596 ι
471 551 620 620 parere,
736 589 739 596 .
975 569 979 576 ·
1156 531 1212 599 An
1228 528 1315 600 velit
1332 553 1412 600 nam
1429 527 1646 609 interficere,
1672 549 1719 594 an
1740 551 1828 597 non.

103 631 152 702 Er
167 632 301 702 addere
314 631 446 724 darplex
462 655 555 703 onus
571 633 617 702 ad
625 627 701 702 'hoc
717 633 832 704 orius?
1155 633 1224 704 Sed
1239 633 1330 703 vade
1346 633 1385 702 iu
1401 629 1495 702 hanc
1510 629 1679 714 domurn,
1704 641 1744 700 ut
1759 629 1893 700 liberos

104 735 175 806 sea
193 733 279 830 quid
295 746 444 827 propter
460 729 548 804 haec
562 735 688 817 doleo,
716 747 752 804 et
767 737 968 828 praesentia
1105 735 1180 809 455
1206 736 1330 809 Discas
1352 759 1428 806 non
1452 735 1593 806 afficere
1616 732 1866 817 contumelia,¹
1889 755 1990 803 serva
2027 731 2100 800 exi-

105 837 204 908 Mala
219 860 295 908 non
309 851 450 910 scrutor
466 861 584 933 neque
596 836 810 909 considero?
1520 847 1627 907 stens.

105 942 209 1036 Quae
224 965 347 1014 necem
354 940 523 1012 Ilectoris
539 939 673 1034 raptati
689 947 798 1012 curru
1155 947 1267 1018 Andr.
1294 939 1374 1013 lleu
1387 936 1497 1028 mihi,
1522 941 1607 1010 dolo
1623 964 1681 1010 me
1698 937 1888 1034 decepisti,
1919 961 2042 1012 sumus
2064 935 2102 1004 in

53 1046 132 1118 400
157 1043 262 1130 Vidi,
282 1043 740 1136 etmiscreioflammaturp
754 1042 882 1127 llinrn,
986 1092 990 1103 -
1518 1045 1681 1114 fraudem
1698 1043 1877 1116 inductae.

105 1145 155 1218 Et
171 1147 248 1240 ipsa
264 1148 316 1220 sui
330 1173 431 1221 serva
450 1149 496 1218 ad
513 1171 623 1222 naves
637 1147 854 1240 Argivorum
864 1146 914 1240 ω)
1155 1153 1252 1224 Meo.
1277 1147 1451 1219 Praedica
1465 1142 1535 1218 hoc
1554 1145 1739 1228 omnihus;
1763 1146 1948 1216 nonenim
1966 1168 2071 1234 nego.

106 1251 248 1343 Capillo
261 1263 391 1336 tracta3
418 1261 616 1346 postquam.
630 1251 712 1322 reni
1156 1258 1269 1326 Andr.
1294 1254 1353 1326 An
1366 1263 1450 1324 sunt
1463 1246 1550 1320 haec
1564 1251 1659 1342 apud
1678 1276 1759 1332 vos,
1783 1248 1847 1344 qui
1865 1251 1910 1319 ad
1926 1245 2101 1318 Eurotam

104 1347 341 1439 lnPhthiam,
366 1381 444 1428 sum
462 1355 618 1424 coniunx
635 1349 1053 1426 interfectorisHectoris.
1521 1349 1710 1440 habitatis,
1735 1351 1858 1424 recta?

54 1455 131 1530 405
157 1456 256 1551 Quid
268 1454 358 1528 mihi
372 1469 490 1552 potest
504 1455 579 1528 esse
595 1453 704 1528 'suave
721 1455 866 1526 vivere?
901 1457 946 1524 ad
966 1453 1051 1548 quid
1157 1459 1254 1530 Mea.
1280 1455 1399 1528 Etiam
1415 1458 1454 1527 in
1468 1455 1582 1527 Troia
1596 1461 1744 1528 rectum'
1758 1467 1811 1528 est
1830 1455 1945 1526 laesos
1967 1477 2004 1523 se
2026 1451 2104 1519 vin-

466 1573 611 1652 oportel
628 1558 830 1652 respicere?
1515 1561 1648 1633 dicare.

104 1663 164 1732 An
180 1674 403 1755 praesentem
420 1663 625 1748 fortunam,
653 1659 971 1754 an'praeteritam?
1106 1660 1182 1734 440
1207 1666 1321 1734 Andr.
1347 1662 1394 1734 Et
1410 1663 1507 1734 Deos
1521 1687 1597 1734 non
1612 1661 1708 1735 Deos
1731 1676 1854 1756 putas,
1887 1681 2004 1754 neque
2029 1651 2103 1728 csse

106 1765 212 1838 Unus
227 1763 292 1838 istc
307 1765 492 1838 filiuserat
507 1763 598 1837 mihi
611 1765 783 1860 reliquus,
802 1765 926 1834 oculus
942 1765 1052 1832 vitae:
1517 1765 1739 1837 vindictam?

107 1870 215 1940 Hunc
228 1878 312 1940 sunt
329 1868 568 1956 interfecturi,
594 1869 724 1964 quibus
738 1868 801 1936 illa
817 1867 969 1960 placent.
1150 1871 1254 1944 Men.
1281 1867 1439 1964 Quando
1456 1869 1513 1938 illa
1539 1883 1664 1954 erunt,
1697 1883 1781 1940 tune
1800 1870 1974 1946 feremusa
2006 1885 2105 1934 nunc

108 1973 192 2044 Non
208 1983 356 2064 propter
371 1997 487 2042 meam
505 1973 672 2044 miseram
692 1971 820 2040 vitam:
1524 1984 1560 2042 te
1574 1972 1797 2046 interficiam.

63 2076 134 2148 410
157 2073 200 2144 In
216 2069 286 2144 hoc
302 2087 354 2146 est
365 2100 465 2169 spes,
491 2075 707 2146 siservator.
737 2147 741 2154 ,
1155 2080 1266 2150 Andr.
1292 2074 1351 2146 An
1367 2089 1403 2146 et
1418 2074 1556 2168 pullum
1570 2069 1666 2145 hune
1680 2077 1747 2147 sub
1761 2076 1827 2148 alis
1846 2070 2029 2145 avellens?

116 2175 202 2248 Mihi
218 2191 270 2249 est
284 2191 388 2272 turpe
403 2203 478 2249 non
491 2178 586 2250 mori
601 2203 668 2272 pro
683 2201 810 2271 puero.
1158 2184 1257 2252 Men.
1282 2179 1384 2264 Non,
1410 2181 1471 2250 scd
1487 2179 1580 2247 filiae
1594 2179 1710 2263 dabo,
1744 2180 1774 2251 si
1790 2179 1876 2248 velit
1891 2175 2103 2246 interficere.

109 2279 200 2352 Ecce
217 2281 385 2376 relinquo
402 2305 523 2368 aram,
550 2307 616 2374 ego
634 2281 791 2352 obnoxia
1156 2287 1269 2356 Andr.
1296 2283 1376 2354 Heu
1392 2279 1496 2352 mihi!
1524 2283 1708 2377 quomodo
1724 2306 1864 2376 gemam
1879 2295 1934 2364 te,
1961 2275 2077 2350 otili?

106 2385 429 2471 Admactandum,
462 2389 508 2457 ad
533 2385 839 2466 interficiendum,
872 2383 918 2452 od
941 2383 1055 2476 ligau-
1105 2383 1182 2458 445
1214 2389 1314 2460 Men.
1359 2385 1596 2482 Nequaquam
1633 2411 1714 2458 eum
1745 2398 1867 2456 manet
1898 2407 1978 2478 spes
2009 2383 2105 2452 lero·

382 2554 386 2562 ,
430 2491 579 2572 ,01]ῐη,
605 2491 651 2557 ad
670 2487 933 2564 decollandum.
1403 2552 1411 2562 ,
1515 2487 1697 2586 ciendi⁶*).

106 2591 142 2662 Ο
159 2591 231 2676 lili,
257 2615 324 2684 ego
342 2605 457 2661 mater
475 2603 555 2676 tua,
582 2610 627 2660 ne
641 2604 680 2661 tn
697 2589 941 2673 interficiaris,
1156 2596 1269 2666 Andr.
1296 2591 1331 2664 0
1348 2587 1515 2661 omnibus
1531 2587 1738 2664 hominibus
1755 2589 1993 2662 inimicissimi

60 2691 133 2770 415
160 2693 320 2776 Moriorc
346 2693 703 2787 siclingerislatum,
1156 2695 1307 2788 sportae
1324 2693 1482 2778 incolae,
1508 2694 1624 2766 dolosi
1642 2697 1882 2778 consultores,
2055 2703 2058 2706 ’

107 2797 318 2869 Memineris
333 2797 477 2884 matris,
503 2796 622 2893 qualia
638 2797 817 2868 sustinens
833 2793 1021 2886 perierim,
1156 2799 1305 2871 Domini
1322 2797 1612 2882 mendaciorum,
1638 2813 1779 2872 suentes
1796 2799 1914 2882 mala,

106 2899 156 2970 Et
173 2903 216 2971 ad
233 2913 372 2993 patrem
387 2914 491 2972 tunm
505 2902 660 2983 radens,
674 2925 742 2992 per
758 2901 879 2970 oscula
1153 2898 1355 2986 Tortnosa,
1382 2913 1418 2970 et
1432 2895 1525 2969 nihil
1541 2899 1642 2987 sani,
1668 2905 1729 2974 sed
1747 2903 1868 2974 omnia
1888 2895 2059 2971 meldinse

106 3003 253 3075 Stillaus
268 3001 472 3099 lachrymas
487 3016 523 3074 et
537 3004 754 3096 amplectens
769 3027 916 3084 manus,
1105 3000 1180 3077 450
1205 3005 1426 3088 Sentientes,
1452 3003 1582 3074 iniuste
1606 3005 1688 3078 estis
1710 3005 1884 3078 fortunati
1909 3025 1974 3098 per
1990 3000 2103 3070 Grae·

106 3107 246 3192 Dicito,
284 3109 403 3204 qnaIIa
434 3106 590 3178 fecerim.
657 3106 869 3191 „Osonibus
897 3100 1052 3174 hondni-
1519 3106 1623 3180 ciam.

476 3211 543 3282 bns
560 3221 645 3280 sunt
1154 3211 1253 3305 Quid
1266 3235 1341 3282 non
1356 3221 1408 3284 est
1423 3208 1462 3280 in
1477 3207 1604 3281 vobis?
1621 3237 1743 3284 nonne
1758 3210 1935 3306 plurimae
1951 3202 2100 3278 caedes?

51 3313 134 3388 400
159 3311 312 3398 „Liberi
327 3314 420 3388 vlla:
454 3325 490 3384 el
504 3313 567 3410 qul
583 3311 763 3405 vlluperal
781 3333 900 3382 meum
916 3309 1049 3394 clidium
1154 3313 1284 3386 Nonne
1300 3311 1472 3406 rapaces?
1495 3337 1617 3384 nonne
1636 3316 1703 3385 alia
1720 3317 1877 3387 dicentes

466 3417 694 3512 inexpertus,
1153 3415 1320 3510 Lingua,
1369 3430 1405 3488 et
1446 3417 1517 3486 alia
1558 3419 1749 3492 sentientes
1789 3406 2100 3511 deprehendimini

106 3517 261 3602 „Minus
290 3520 406 3604 dolet,
446 3533 482 3590 et
512 3533 565 3591 est
593 3519 719 3588 beatus
746 3515 783 3583 in
812 3515 874 3584 illo
898 3513 975 3606 ipso
997 3514 1052 3582 in·
1513 3521 1682 3615 semper?

468 3624 643 3695 fortunio.
1152 3623 1324 3696 Pereatis.
1374 3618 1469 3694 Mihi
1484 3647 1584 3696 mors
1598 3648 1675 3696 non
1692 3637 1744 3698 est
1758 3627 1849 3696 adeo
1864 3622 2003 3718 gravis,

106 3727 207 3798 otor.
231 3723 409 3808 „Miserta
428 3751 506 3797 sum
525 3727 693 3806 audienaa
727 3745 811 3792 nam
828 3721 1050 3790 calamitates
1104 3723 1179 3800 455
1205 3727 1255 3798 Ur
1271 3725 1337 3798 tibi
1354 3729 1514 3810 videtum
1540 3727 1600 3798 itta
1619 3731 1713 3800 mals
1726 3753 1785 3800 me
1800 3727 2055 3824 perdiderunt,

465 3841 549 3900 stant
568 3827 788 3902 miserabiles
1153 3829 1310 3924 Quando
1326 3829 1456 3902 misera
1471 3829 1558 3903 urbs
1572 3826 1758 3927 Phrygum
1775 3847 1827 3906 est
1843 3839 2075 3919 consumpta,

101 3929 312 4013 „Omnibus
328 3925 557 4016 horninibus,
591 3933 731 4004 etiamsi
746 3929 826 4026 quis
841 3927 977 3998 alienus
992 3923 1050 3998 sit.
1151 3934 1198 4002 aa
1226 3957 1327 4004 meus
1358 3935 1511 4028 inclytus
1534 3937 1708 4022 maritus,
1749 3937 1813 4031 qui
1840 3949 1874 4008 te
1901 3953 2006 4024 saepe
2033 3952 2100 4020 pu·

100 4032 260 4124 Oportet
281 4047 314 4103 te
335 4047 370 4106 et
394 4047 493 4105 tuam
516 4037 625 4106 liliam
651 4037 689 4104 in
719 4029 1047 4105 reconciliationem
1522 4041 1668 4127 gnando

467 4142 619 4230 ducere,
1150 4135 1249 4206 Fecit
1263 4137 1397 4206 malum
1415 4151 1563 4208 nautam
1582 4164 1649 4230 pro
1665 4139 1778 4212 milite
1786 4139 1845 4236 ⁶¹⁵).

42 4233 127 4314 ⁴25
152 4235 333 4324 Menelae,
359 4253 396 4310 et
410 4240 536 4326 istam,
561 4253 603 4313 ut
616 4241 824 4311 liberetura
842 4233 958 4306 malis.
1156 4241 1259 4312 Nunc
1277 4252 1400 4309 contra
1418 4241 1605 4312 mulierem
1622 4267 1775 4336 appares
1790 4238 1960 4311 terribilis
1976 4235 2097 4316 miles,

96 4343 200 4414 Mea·
224 4337 441 4424 Prehendite
457 4343 682 4438 implicantes
695 4340 796 4414 istius
810 4333 979 4420 brachia,
1099 4343 1175 4416 460
1201 4340 1370 4414 lnterficis
1396 4367 1465 4415 me.
1529 4339 1713 4430 laterone,
1754 4343 1838 4440 quia
1867 4365 1944 4412 non
1968 4335 2095 4408 delini-

97 4443 222 4530 Servi,
248 4448 369 4518 audiet
383 4471 460 4517 non
475 4459 596 4542 gratos
611 4467 814 4520 sermones:
1508 4457 1584 4516 tum
1603 4459 1637 4517 te

95 4545 177 4640 Ego
193 4547 277 4636 tibi,
301 4562 341 4623 ut
355 4552 496 4642 deseras
511 4573 638 4644 puram
654 4571 755 4619 aram
772 4545 891 4628 Deae,
1147 4549 1192 4620 Et
1209 4561 1308 4620 tuam
1324 4548 1433 4620 filiam
1452 4572 1529 4618 mea
1547 4549 1667 4642 lingua
1686 4549 1885 4620 dimittam:

92 4649 278 4744 Proposui
292 4653 397 4745 pueri
412 4667 586 4740 mortem,
606 4677 677 4749 qua
692 4651 834 4722 ratione
850 4659 885 4718 te
901 4643 1043 4740 decepi,
1146 4652 1329 4747 Quoniam
1346 4665 1438 4724 tues
1453 4675 1604 4744 magnus
1621 4653 1659 4722 in
1675 4651 1824 4747 Sparta,

34 4753 123 4830 430
145 4753 197 4824 Ut
211 4755 352 4829 venires
369 4757 408 4826 iu
424 4781 522 4830 meas
538 4781 667 4828 manus
683 4757 729 4825 ad
743 4774 881 4823 necem.
1145 4757 1221 4830 Nos
1241 4755 1278 4824 in
1300 4755 1425 4828 Troia.
1487 4754 1556 4840 „Si
1579 4781 1645 4849 ego
1668 4756 1740 4828 iam
1761 4779 1841 4830 sum
1873 4753 1910 4823 in
1939 4755 2088 4822 adversa

91 4855 142 4928 Iit
157 4857 268 4944 scito,
295 4885 388 4956 quae
404 4861 449 4932 ad
466 4873 501 4932 tc
518 4860 719 4954 pertinent,
742 4855 792 4928 sic
807 4879 844 4926 se
858 4848 1003 4924 habere·
1510 4859 1677 4945 Iortuna,

72 5163 124 5226 aa)
145 5159 198 5212 nra
216 5171 316 5209 vasus
335 5159 362 5208 a·
380 5159 573 5222 coarctare,
592 5157 669 5209 raes.
686 5163 775 5218 suos
791 5161 825 5202 sc
842 5149 869 5200 u
887 5147 973 5201 retra.
985 5147 1040 5196 ns-
1128 5106 1372 5242 mmm?
1382 5107 1840 5244 iffipssff⁰fegpj⁵¹ss¹⁰g⁰ffi¹j·j
1853 5103 2090 5240 mim&

107 5229 159 5284 ΙΙΙ·
177 5229 270 5292 mlo
294 5229 418 5294 ¹⁰⁸3&
443 5229 503 5280 ⁸⁵¹·
526 5227 735 5292 4180009091θῦ
757 5219 881 5284 111951Ιῃο
899 5215 1039 5279 '‘Iulwfl
1158 5247 1256 5298 Barna
1274 5247 1392 5308 Annon,
1411 5245 1547 5298 sumente
1563 5253 1609 5312 tn,
1627 5260 1696 5310 sper
1711 5251 1799 5310 tpsnnr
1810 5237 1951 5296 mnebitl
1968 5245 2086 5308 noega,

109 5299 141 5350 la
161 5297 211 5347 14
229 5297 311 5394 ΙΨ·
330 5297 404 5347 ¹⁰⁸²?
418 5299 564 5379 Plfflffl‘lffl
582 5297 684 5362 Mlius
700 5291 789 5374 ΗΜ,
801 5283 1039 5414 Ιῃιηᾶῗᾟῖῃῗ
1157 5315 1235 5368 flu:
1259 5315 1394 5366 Nitalrum
1413 5315 1491 5364 certa
1509 5316 1588 5364 tllurn
1606 5329 1672 5380 spes
1690 5327 1746 5368 aon
1764 5318 1865 5368 manet.

107 5357 467 5498 {ssfllfflq'mifffflffi
481 5359 691 5488 mma
699 5371 860 5495 I'J‘iffl,
877 5368 954 5478 0.ξῖ
970 5423 1039 5474 noo
1122 5415 1171 5483 ss)
1190 5417 1292 5477 narrar
1311 5416 1353 5468 ne
1369 5413 1454 5466 earn
1471 5415 1564 5477 rasa,
1587 5417 1679 5482 rem,
1698 5417 1781 5470 rust.
1800 5420 1902 5470 resne
1921 5419 1972 5476 (ε.-
1989 5413 2083 5478 sulp.

107 5515 127 5554 ι
145 5504 279 5556 muto
296 5505 447 5568 conspe
1055 5471 1061 5560 l
1156 5485 1576 5555 panormitanarum.
