4748 6108
355 297 429 370 779
950 277 1073 356 PlllL.
1092 281 1215 354 -MEL,
1241 283 1453 357 SCRIPTA·
1472 281 1809 358 PHILOLOGICA'.
2272 303 2320 373 tto

406 476 501 544 lieet.
524 463 643 534 Habeo
663 445 880 528 conveniens
895 475 1028 524 nomen
1042 451 1116 540 rei,
1138 467 1174 526 et
1191 447 1228 528 es'
1248 479 1347 528 ama·
1450 457 1599 531 Donum
1612 451 1680 531 'me
1705 457 1881 554 accepisse
1912 455 2180 560 pulcherrimum
2199 493 2253 562 pro
2271 497 2324 544 no

766 572 825 628 tor
842 556 995 650 patriae,
1808 562 2035 637 tortitudine.

386 676 546 750 ’Dolum
571 665 682 762 patris
697 663 792 734 enim
810 663 959 730 domum
979 659 1078 754 prius
1091 658 1264 746 nobilem,
1372 670 1376 787 p
1449 665 1502 734 Te
1518 689 1603 735 vero
1621 689 1696 735 non
1719 665 1881 736 invidere
1899 679 2061 758 oportet;
2083 669 2206 744 inlinita
2218 675 2272 746 alia
2285 680 2326 750 tili

359 782 431 852 160
457 777 561 848 Nunc
577 769 691 840 multo
706 765 824 866 reddis
838 763 1066 835 nobiliorem.
1372 790 1376 841 ι
1811 781 1907 852 sunt,

358 935 361 950 .
406 883 485 954 Ποῖ.
510 875 595 947 ldeo
617 873 782 944 laborare
806 889 864 936 me
887 867 1073 970 eonvenit;
1096 870 1158 939 sed
1179 868 1348 940 lahoran-
1450 869 1591 964 Quibus
1607 863 1840 944 delectaberis
1857 863 2049 944 dominans
2063 865 2142 946 hutc'
2158 880 2283 971 regioni.

769 984 841 1040 tem
864 971 965 1039 decet
1775 1005 1778 1022 .
1972 1019 1977 1028 .
2346 985 2347 992 ¹

409 1085 611 1158 Mercedem
628 1077 786 1154 auferre;
809 1073 1005 1156 „additum
1023 1073 1119 1144 enim
1135 1074 1236 1143 omni
1662 1125 1665 1132 .
1716 1039 2075 1146 [ᾹΜΜΜΡΜ]

261 1180 265 1189 ’
410 1185 592 1278 „Negotia
608 1171 769 1260 lucrum,
792 1169 890 1268 parit
907 1177 1039 1269 duplex
1053 1178 1224 1248 studium.
1373 1231 1376 1248 .
1402 1174 1476 1250 195
1500 1183 1600 1254 01ιοο.
1627 1179 1800 1272 Magnum
1826 1191 2030 1264 certamen,-
2056 1203 2214 1275 magnum
2234 1213 2326 1282 quoqu

290 1360 292 1364 .
408 1298 503 1366 Hert.
526 1287 655 1368 Recte,
679 1283 812 1352 iustum
829 1274 987 1363 horest,
1008 1305 1074 1349 nec
1089 1281 1279 1358 dissentio;
1811 1283 2013 1374 praemium
2032 1287 2131 1378 cupis
2145 1275 2279 1382 adipisci.

360 1394 433 1472 165
464 1393 533 1466 Sed
558 1401 674 1462 statue
696 1384 876 1486 primum,
899 1383 986 1476 quid
1000 1383 1053 1454 vis
1068 1397 1212 1476 praeter
1229 1405 1347 1452 meum
1451 1383 1516 1456 His
1531 1383 1686 1476 potitus,
1708 1385 1869 1478 prolecto
1885 1387 2011 1458 beatus
2025 1389 2115 1470 eris;

747 1485 950 1578 ¹regnum?
1066 1501 1069 1518 ·
1450 1486 1522 1558 Sed
1538 1483 1596 1556 hic
1607 1487 1711 1557 labor
1727 1511 1872 1582 qnoque
1888 1488 2081 1580 gloriosus.

407 1605 488 1678 Ποῖ.
510 1598 595 1670 Non
610 1593 774 1683 desidero
792 1602 895 1660 tuum
913 1602 1040 1681 potens
1055 1613 1218 1681 regnum.
1451 1590 1623 1682 Magnum
1659 1613 1803 1686 quoqne
1839 1585 1910 1676 e'st,
1958 1583 2038 1663 lieri
2075 1591 2234 1688 geroium
2261 1597 2326 1666 dori·

410 1711 506 1780 Hert.
530 1701 589 1772 Tu
601 1721 688 1768 vero
705 1695 779 1765 iam
798 1689 987 1788 dueens¹⁹)
1002 1717 1172 1778 uxorem,
1196 1691 1349 1762 Priami·
1375 1769 1378 1782 ⁵
1816 1717 1961 1766 norum.

511 1801 515 1808 '
770 1797 899 1867 darum
915 1819 1024 1888 gener
1038 1797 1114 1867 lias.
1196 1847 1199 1856 .
1452 1793 1550 1865 Haec
1565 1795 1687 1864 divina
1702 1807 1839 1888 spectet
1857 1797 2004 1868 iustitia.

411 1915 490 1985 Ποῖ.
512 1907 608 1980 Nolo
631 1928 674 1976 ex
699 1899 884 1994 superiore
902 1901 1030 1969 ordine
1046 1899 1191 1992 nuptias
1208 1911 1349 1968 coutra—
1401 1900 1478 1973 200
1499 1899 1608 1992 Quod
1626 1901 1673 1968 ad
1688 1894 1847 1970 humana
1863 1899 2014 1986 attinet,
2028 1897 2121 1972 lraee
2137 1902 2318 1975 videntum

778 1998 877 2075 here.
1174 2051 1178 2062 ·
1625 2039 1636 2060 τ
1710 2037 1712 2045 ·
1820 1999 1929 2075 certa.

410 2128 506 2196 fleat.
528 2113 711 2186 Habemus
723 2109 874 2190 aurum,
894 2099 1009 2176 sihor
1031 2105 1233 2197 praemium
1248 2105 1349 2199 petis.
1453 2108 1533 2178 Ποῖ.
1557 2103 1621 2176 Ibo
1640 2107 1774 2178 vadens
1791 2109 1888 2177 intra
1904 2107 2070 2191 domum,

364 2227 438 2298 170
459 2223 538 2295 Ποῖ.
561 2213 673 2286 Domi
688 2207 823 2290 habeo;
846 2215 1082 2304 none'gemus
1099 2210 1239 2300 opibus.
1453 2209 1649 2302 Apparabo
1665 2231 1795 2301 corpus
1810 2223 1988 2303 apparatu
2002 2203 2161 2282 decentia

415 2331 511 2400 lieet.
545 2319 645 2414 Quid
672 2313 781 2406 igitur
810 2311 909 2404 cupis
941 2335 1066 2384 earum
1090 2336 1232 2396 rerum,
1264 2335 1352 2406 quas
1453 2311 1539 2410 lude
1557 2313 1737 2405 proferam
1752 2313 1880 2404 pedem
1895 2315 1944 2383 ad
1958 2337 2073 2385 naves
2089 2313 2291 2407 Argivomn·

782 2413 886 2488 llium
903 2413 1038 2486 teneti.
1456 2419 1560 2488 otor,
1577 2415 1672 2488 Num
1689 2411 1837 2487 habebis
1852 2417 1961 2486 aliam
1979 2431 2119 2488 vestem
2136 2443 2201 2512 pro
2213 2413 2285 2486 hae?

413 2528 493 2606 Ποῖ.
521 2529 612 2600 Cum
630 2539 670 2596 tu
686 2518 812 2592 viceris
830 2519 1005 2604 Graecos,
1030 2517 1327 2611 promittedona.
1404 2515 1481 2593 205
1503 2521 1582 2590 Ποῖ.
1599 2517 1881 2590 convenientem
1898 2517 1982 2591 huic
1996 2522 2149 2614 negotio
2166 2534 2199 2591 et
2213 2515 2333 2590 insidiate

412 2641 509 2710 Hert.
529 2631 656 2711 Dab0;
680 2623 822 2722 postula
845 2635 985 2694 tantum
1007 2635 1152 2714 praeter
1168 2624 1275 2692 duces
1290 2645 1353 2690 na·
1819 2624 1878 2693 rio
1895 2623 2029 2696 itineri.
2179 2611 2185 2620 ⁶

770 2726 882 2798 vium.
1459 2725 1557 2797 Ultor.
1604 2723 1673 2808 „A
1714 2725 1874 2818 sapiente
1918 2726 1998 2797 viro
2040 2729 2150 2799 decet
2190 2721 2336 2818 sapiendam

362 2891 368 2899 .
416 2845 496 2916 Μ,
520 2837 699 2920 Interfioe,
719 2856 797 2906 non
814 2829 957 2921 postulo
975 2839 1009 2905 te
1030 2828 1207 2900 abstinere
1225 2851 1354 2899 manus
1816 2829 1964 2900 dissere.
2103 2857 2108 2877 ·
2136 2877 2143 2890 ·

776 2931 956 3004 Menelao.
1459 2927 1587 3012 Dicas,
1608 2931 1711 3022 quod·
1722 2931 1790 3000 erit
1803 2944 1945 3024 tegmen
1961 2931 2016 3002 tui
2032 2931 2222 3028 eorporis?

369 3046 442 3126 175
464 3051 560 3120 lieet.
582 3042 679 3116 Num
695 3037 792 3112 Oilei
805 3036 918 3106 filium
934 3033 1094 3128 postulas
1108 3033 1292 3126 arripere?
1459 3034 1538 3104 Ποῖ.
1561 3031 1702 3102 Ponam
1720 3033 1882 3126 lupinam
1898 3035 2028 3127 pellem
2048 3037 2189 3110 circum
2202 3037 2319 3106 dorsum

418 3154 497 3226 Ποῖ.
518 3147 680 3236 „Manus
695 3163 865 3236 generose
883 3137 991 3206 alitae
1008 3159 1084 3206 nou
1097 3150 1183 3208 suut
1204 3137 1354 3209 idoneae
1458 3133 1504 3204 Et
1518 3135 1645 3206 faciem
1661 3135 1813 3232 ferae¹¹)
1829 3133 2062 3209 eircameunt
2082 3153 2194 3234 eaput
2207 3157 2316 3232 ponam

780 3243 827 3312 ad
841 3241 1015 3312 laborem.
1407 3239 1485 3314 210
1508 3239 1678 3310 Gressnm
1695 3263 1715 3307 e
1730 3239 1910 3332 prioribus
1927 3235 2100 3314 manibus
2118 3257 2252 3336 aptans,

419 3363 513 3432 Hert.
548 3353 666 3448 Quem
691 3349 801 3442 igitur
824 3343 1047 3416 Graecorum
1074 3339 1254 3412 viventem
1278 3345 1356 3414 dari
1375 3341 1377 3346 ’
1458 3339 1505 3415 Et
1520 3345 1628 3436 pedes
1642 3343 1794 3434 pedihus
1807 3345 2085 3437 quadrupedem
2100 3345 2266 3417 imitabor

786 3446 854 3518 tibi
868 3445 922 3516 vis
937 3442 1104 3519 muneri?
1177 3508 1191 3540 ,Ι
1458 3445 1555 3540 Lupi
1573 3446 1747 3516 incessum
1763 3441 1925 3517 hostibus
1940 3447 2130 3520 difficilem
2147 3450 2288 3523 inventu,

420 3565 501 3638 Ποῖ.
525 3556 642 3652 Atqui
652 3565 758 3622 antea
775 3549 869 3634 dixi,
882 3575 940 3620 me
955 3549 1055 3619 domi
1071 3541 1203 3618 habere
1214 3541 1357 3622 aurum.
1461 3547 1768 3642 Appropinqnans
1783 3552 1829 3619 ad
1842 3549 1973 3622 semri
1983 3541 2021 3621 et'
2031 3553 2192 3624 navium
2206 3555 2344 3643 propattlt

421 3672 518 3739 Hert.
543 3661 661 3753 Atque
677 3646 1044 3748 exspoliis-praesens
1060 3651 1134 3744 ipse
1151 3649 1268 3744 eliges.
1821 3653 1930 3724 cula.··
1966 3690 1991 3724 .-
2017 3673 2032 3702 ·’
2327 3739 2331 3752 ,

375 3771 448 3845 180
471 3767 550 3840 Ποῖ.
576 3759 697 3854 Spolia
713 3757 889 3852 suspende
903 3755 984 3828 Diis
999 3755 1037 3824 in
1053 3756 1206 3848 templis.
1463 3754 1619 3849 Quando
1649 3777 1735 3825 vero
1764 3755 1892 3849 procul
1920 3779 1942 3825 a
1971 3751 2136 3829 navibus
2164 3751 2339 3850 mgredut

423 3877 519 3946 Heot.
541 3865 652 3957 Quod
663 3862 773 3955 igitur
788 3860 904 3932 maius
920 3855 975 3932 his
991 3883 1011 3928 a
1027 3884 1085 3929 me
1100 3858 1190 3952 petio
1207 3859 1360 3932 munus?
1828 3863 1969 3938 deserto
1984 3860 2084 3946 loeo,
2120 3892 2122 3902 ¹

424 3973 504 4046 Ποῖ.
527 3967 651 4062 Equos
667 3959 832 4045 Achillis;
853 3965 955 4034 deret
975 3988 1032 4033 me
1051 3987 1119 4055 pro
1143 3961 1250 4055 digna
1265 3988 1362 4034 mer·
1413 3957 1489 4036 215
1518 3961 1626 4053 Bipes
1648 3961 1853 4054 ingredior;
1883 3959 1952 4034 hor
1972 3967 2091 4036 modo
2117 3951 2341 4056 compositust

426 4156 428 4164 Α
784 4063 868 4137 cede
882 4065 1061 4152 laborare,
1677 4061 1679 4066 ’
1812 4051 1946 4138 'delun‘
1966 4091 1970 4104 ·
1991 4110 2005 4122 ι·
2031 4078 2035 4089 ’
2061 4093 2080 4115 ··
2120 4067 2125 4124 ἰ

425 4177 672 4252 Addurentem
689 4169 800 4240 vitam
817 4169 854 4240 in
873 4169 988 4241 aleam
1005 4171 1184 4240 fortunae.
1467 4163 1579 4241 otor(
1596 4165 1708 4262 Atqui
1732 4169 1826 4240 bene
1847 4181 1883 4239 te
1904 4163 2025 4238 Maiae
2045 4170 2151 4249 lilius
2171 4169 2250 4239 illue
2268 4175 2293 4231 et
2307 4169 2346 4223 df·

423 4286 522 4357 Hert.
542 4275 655 4372 Atqui
669 4297 769 4346 amas
785 4269 897 4370 equos
913 4298 971 4346 me
987 4297 1060 4343 una
1077 4282 1232 4345 amante.
1820 4269 1898 4342 su'm
1921 4267 2008 4342 lmc'

379 4383 453 4460 185
474 4379 527 4454 Er
541 4377 805 4452 immortalibus
821 4377 916 4448 enim
932 4373 1153 4446 immortales
1167 4373 1245 4444 nati
1466 4371 1629 4444 Redurat
1666 4373 1885 4460 Mercurius,
1937 4374 2001 4470 qui
2056 4389 2115 4446 est
2162 4369 2349 4444 insidiatorum

428 4481 598 4560 Trahunt
609 4482 709 4554 Pelei
723 4481 930 4552 bellicosum
947 4479 1072 4577 tilium.
1181 4541 1200 4564 „
1827 4499 1974 4548 numen.

429 4581 597 4662 Tradidit
613 4581 681 4658 hos
699 4577 875 4682 equorum
890 4578 1049 4652 domitor
1240 4647 1243 4652 ,
1467 4578 1557 4648 Rem
1574 4589 1691 4660 tenes;
1709 4579 1807 4662 ¹adsit
1822 4573 1963 4650 tantum
1979 4580 2150 4652 fortuna.

419 4691 593 4764 Marinus
605 4689 796 4784 Neptunus
810 4685 939 4766 Peleo,
960 4695 1002 4754 ut
1019 4681 1153 4752 dicans
1467 4684 1545 4752 Ποῖ.
1567 4679 1694 4752 Salvus
1708 4707 1792 4764 ero,
1818 4697 1854 4753 et
1867 4684 2091 4756 interficiens
2107 4685 2275 4778 Ulyssem

431 4795 501 4868 Sed
516 4818 592 4864 non
606 4806 641 4863 te
658 4792 811 4862 incitans
828 4787 970 4860 fallam:
995 4785 1084 4880 quin
1101 4783 1194 4852 dabo
1214 4781 1281 4851 tibi
1417 4785 1492 4859 220
1515 4783 1602 4854 Eius
1617 4798 1724 4876 caput
1740 4785 1805 4856 tibi
1821 4789 1947 4872 leram,
1963 4781 2261 4878 eertum'signum
2274 4767 2348 4846 hald

384 4897 457 4972 100
483 4891 771 4970 Pulcherrimam
794 4889 894 4961 domi
917 4887 1197 4982 possessionem,
1218 4879 1366 4958 Achillis
1468 4886 1590 4982 (Dices
1602 4886 1782 4960 Dolonem
1798 4893 1844 4959 ad
1859 4913 1968 4961 naves
1981 4885 2217 4962 Graecorum
2231 4873 2325 4959 ivisse)

799 5011 959 5066 currum.
1467 4991 1540 5060 Aut
1555 4990 1668 5060 lilium
1686 4991 1802 5084 Tydei
1816 5017 1892 5064 non
1907 4993 2102 5064 inoruenta
2120 5015 2241 5064 manu.

432 5104 512 5174 Ποῖ.
550 5098 699 5179 Laudo,
736 5107 771 5165 et
794 5095 825 5166 si
846 5117 1037 5186 accepero,
1071 5089 1253 5185 gloriabor
1273 5089 1367 5161 inter
1467 5091 1607 5164 Redibo
1630 5094 1799 5179 domum,
1825 5089 2198 5192 priusquam'lurnen
2214 5087 2349 5160 redeattt

798 5193 973 5290 Phrygas,
1834 5223 1898 5290 pra
1917 5211 2071 5274 terram.

390 5341 598 5364 ...nnus—⁸⁸⁸⁶*

418 5471 465 5538 ιο)
490 5471 546 5525 tra
568 5461 684 5532 οοοεοι]
709 5464 751 5518 rto
772 5465 856 5520 stttt
883 5463 978 5530 tm,
1001 5463 1100 5544 Repu,
1130 5465 1253 5528 lusam
1282 5465 1367 5516 nutu.
1456 5460 1502 5528 tt)
1521 5459 1611 5528 terne]
1635 5462 1676 5512 rto
1700 5437 1749 5522 (=·-¹
1769 5465 1863 5528 tturtp.
1884 5461 1985 5532 θηρός)
2008 5465 2101 5516 nutu.
2131 5463 2204 5516 1558.
2228 5459 2253 5506 et
2272 5441 2347 5500 med

453 5533 772 5603 rotundationem.
1068 5535 1075 5549 ’
1097 5535 1100 5544 ’
1487 5531 1516 5580 tn
1535 5531 1584 5584 ut.
1604 5531 1680 5583 tm.
1699 5533 1786 5584 teor.
