4692 6092
67 273 126 352 aa
459 255 566 332 nvn
605 253 1691 334 mmartornoenrssanuuemu1ou.
1997 261 2074 342 tte
2152 195 2155 206 Ι

65 445 124 520 ³90
142 445 202 512 lec.
221 435 403 528 Interrogo
417 431 597 526 primum,
619 455 713 526 quae
729 432 814 501 volo
840 431 1024 526 consequi.
1078 435 1153 509 420
1176 435 1249 506 Pol.
1268 433 1365 503 llaec
1380 442 1600 527 eratcause3
1616 433 1746 504 deiude
1760 433 1965 508 venitalius
1980 437 2073 510 exul.

103 543 203 631 „Esse
226 541 380 624 exulem,
402 560 526 608 nonne
545 559 718 628 maguum
736 537 873 606 malum
895 533 973 606 est?
1127 539 1194 614 loe.
1221 537 1312 629 Quis
1335 535 1424 608 iste?
1450 561 1526 607 non
1542 551 1577 607 et
1601 537 1661 608 ille
1680 538 1790 609 miser
1811 535 1970 634 erat⁸)?

16 639 17 646 ¹
100 648 161 718 Pal.
181 643 425 730 ‚Maximum
445 664 486 710 rc
507 640 624 710 maius
650 651 704 710 est
725 663 834 733 quam
860 638 991 710 verbis.
1127 643 1201 710 Pol.
1226 640 1389 734 Tydeus,
1407 667 1514 736 quem
1531 641 1656 712 dicunt
1671 653 1796 713 natum
1816 640 1942 712 Oeneo
1958 653 2074 732 patre.

100 753 154 822 lae.
186 801 207 832 „
217 747 383 842 Quonam
415 741 552 832 modo?
586 741 673 836 quid
706 755 760 811 est
787 768 902 837 usque
932 743 1023 812 adeo
1129 749 1197 816 loc.
1220 743 1341 836 Quare
1364 745 1449 815 feris
1472 769 1537 816 vos
1558 743 1735 816 Adrastus
1760 741 2009 836 comparavit?
2055 812 2058 821 ,

445 846 586 916 malurn
605 843 850 943 caelibum?
1126 847 1201 918 Pol.
1215 846 1270 916 Eo
1287 849 1385 942 quod
1400 847 1565 918 venimus
1582 849 1620 916 in
1636 861 1820 918 certamen
1835 849 1879 918 de
1894 845 2074 939 stragulis.

99 955 160 1024 Pol.
181 954 324 1040 „Unum
347 963 401 1026 est
423 949 644 1031 maximum,
668 972 743 1016 non
767 945 1024 1020 habentliber·
1077 947 1154 1027 425
1177 953 1245 1020 loc.
1267 947 1322 1021 lbi
1342 951 1436 1022 lilius
1459 949 1566 1020 Talai
1587 950 1761 1021 intellexit
1786 948 1983 1022 vaticinia?

441 1065 551 1122 tatem
577 1051 731 1122 dicendi.
1129 1055 1203 1126 Pol.
1229 1051 1276 1122 Et
1298 1054 1396 1123 dedit
1417 1053 1523 1124 nohis
1547 1055 1687 1124 duobus
1710 1057 1798 1126 duas
1822 1055 1972 1146 puellas.

61 1155 117 1230 005
141 1163 204 1231 loe.
231 1159 365 1245 „Servi
396 1169 466 1240 est,
489 1153 606 1250 (quod
638 1152 775 1246 dixisti)
798 1177 874 1226 non
905 1153 1024 1224 dicere
1128 1162 1196 1230 Iac.
1219 1156 1358 1228 Suntne
1373 1157 1491 1228 falices
1517 1169 1579 1226 aut
1601 1157 1777 1230 infaustae
1798 1153 1973 1249 nuptiae?

445 1259 602 1353 aliquem
627 1256 684 1342 id,
707 1259 805 1352 quod
827 1257 972 1330 sentiat.
1129 1261 1204 1335 Pol.
1239 1260 1325 1332 Non
1358 1255 1588 1353 reprehendo
1613 1261 1759 1354 nuptias
1786 1261 1833 1330 ad
1859 1255 1929 1330 hoc
1960 1279 2075 1350 usque

95 1365 156 1436 Pol.
180 1362 357 1458 „Oportet
379 1365 475 1434 serre
498 1359 667 1432 stultitias
692 1360 860 1446 illorum,
883 1361 947 1456 qui
961 1361 1025 1430 do·
1495 1375 1651 1456 tempus.

436 1464 637 1534 minantur.
1048 1513 1049 1516 =
1129 1471 1198 1538 Ioo.
1233 1465 1428 1562 Quomodo
1458 1467 1667 1560 persuasisti
1697 1461 1768 1536 hue
1792 1477 1827 1535 te
1854 1463 1956 1558 sequi
1978 1485 2076 1536 exer-

96 1571 151 1640 lu.
173 1567 243 1653 „Et
256 1567 328 1642 hoc
341 1570 510 1642 acerbum
529 1580 600 1650 est,
620 1565 783 1657 desipere
798 1591 878 1636 cum
897 1565 1025 1638 stultis.
1499 1568 1634 1640 citum?

95 1673 155 1742 Pol.
185 1673 284 1758 „sed
315 1673 544 1746 serviendum
575 1682 628 1740 eet
649 1683 799 1762 propter
830 1671 1025 1741 utilitatem
1079 1671 1157 1746 480
1177 1675 1251 1744 Pol.
1275 1673 1453 1746 Adrastus
1478 1673 1614 1743 iuravit
1634 1671 1776 1744 duobus
1799 1668 1938 1762 generis
1961 1665 2043 1752 hoc,

448 1786 574 1844 contra
598 1785 781 1844 naturam.
1130 1776 1257 1870 Tydeo
1282 1772 1442 1862 etmihi,
1465 1771 1542 1870 (hic
1565 1777 1660 1850 enim
1684 1787 1737 1845 est
1759 1775 1876 1846 allinis
1896 1773 2016 1868 meus)

93 1877 149 1944 loc.
172 1879 271 1972 „Spe
297 1880 446 1949 aluntur
467 1878 607 1960 exules,
630 1888 674 1946 ut
695 1875 838 1946 dieitur.
1075 1884 1080 1892 '
1130 1878 1176 1949 Se
1192 1881 1426 1950 reducturum
1448 1894 1643 1974 utrumque
1657 1879 1695 1950 in
1712 1877 1891 1972 patriam,
1913 1899 1972 1948 me
1988 1897 2076 1944 vero

59 1973 113 2048 400
132 1981 199 2052 Pol.
208 1983 449 2077 „Adspiciunt
464 2005 527 2050 eae
540 1974 699 2072 pulchris
713 1979 838 2064 oculis,
857 1990 1027 2048 cunctan·
1498 1983 1610 2076 prius.

444 2097 505 2155 tur
529 2097 664 2154 tamen.
960 2133 965 2146 .
1130 2083 1237 2155 Multi
1257 2084 1446 2178 'principes
1469 2085 1684 2156 Danaorum
1711 2095 1746 2154 et
1769 2081 2051 2177 Mycenaeorum

91 2183 147 2253 lac.
163 2185 290 2284 Neque
307 2202 448 2282 tempus
457 2185 613 2258 ostendit
629 2184 696 2254 tibi
710 2207 770 2255 eas
784 2207 858 2256 esse
875 2181 1027 2256 inanes?
1130 2190 1292 2274 Adsunt,
1317 2189 1473 2260 officium
1497 2185 1587 2260 mihi
1610 2188 1730 2272 triste,
1753 2189 1814 2259 sed
1836 2183 2077 2260 necessarlum

92 2287 155 2358 Pol.
169 2290 314 2364 liabent
326 2293 519 2376 Venerem,
533 2314 680 2362 suavem
695 2287 809 2360 Deam
830 2291 1027 2384 quandam.
1080 2290 1157 2368 405
1179 2291 1333 2376 Dantes;
1359 2295 1451 2364 duco
1474 2294 1571 2364 enim
1598 2291 1793 2364 exercitum
1816 2291 1988 2360 adversus

91 2391 149 2464 loo.
179 2395 284 2468 Unde
319 2397 426 2467 alitus
455 2419 512 2479 es,
542 2393 756 2488 priusquam
785 2417 852 2486 per
882 2394 1028 2486 nuptias
1131 2397 1306 2468 Patriam.
1359 2396 1457 2468 Deos
1482 2411 1603 2468 autem
1629 2397 1730 2478 iuro,
1757 2395 1854 2489 quod
1876 2391 2012 2464 invitus

442 2497 626 2568 invenires
645 2496 807 2568 victum?
1132 2499 1242 2573 Intuli
1264 2501 1396 2572 bellum
1422 2495 1640 2572 charissimis
1661 2497 1882 2592 parentibus.

93 2599 155 2670 Pol.
179 2602 389 2699 Aliquando
412 2598 592 2672 habebam
616 2600 655 2670 in
678 2601 797 2686 diem,
829 2601 1027 2696 aliquando
1132 2605 1256 2675 Sedad
1270 2617 1304 2674 te
1314 2605 1471 2698 pertinet
1484 2602 1731 2674 reconciliatio
1742 2597 1874 2672 horum
1883 2598 2079 2680 malorum,

443 2729 520 2774 non
541 2699 734 2776 habebam.
1135 2708 1169 2779 O
1188 2721 1325 2794 mater,
1349 2722 1390 2780 ut
1411 2708 1651 2778 reconcilians
1672 2701 1800 2778 charos
1825 2703 1968 2784 fratres,

55 2795 113 2871 405
141 2809 206 2881 loc.
235 2809 324 2883 Non
347 2807 523 2880 iuvabant
548 2819 584 2878 te
609 2808 716 2878 amici
738 2805 873 2900 patris,
904 2821 939 2879 et
962 2805 1029 2879 ho·
1084 2812 1160 2888 440
1174 2811 1321 2884 hiberes
1337 2835 1356 2881 a
1372 2813 1556 2882 laboribus
1573 2837 1643 2894 me,
1659 2821 1754 2893 ette,
1769 2819 1930 2878 ettotam
1939 2803 2079 2874 urbem.

446 2909 579 3005 spites?
1132 2916 1209 2993 lam
1233 2917 1319 2986 olim
1347 2917 1492 3010 quidem
1517 2915 1736 2985 celebratum
1765 2924 1836 2996 est,
1868 2911 1932 2982 sed
1957 2922 2080 2981 tameo

92 3012 156 3086 Pal.
176 3015 276 3089 Bene
301 3017 348 3090 sit
372 3017 456 3099 tibi;
480 3013 714 3100 „amicorum
737 3037 795 3084 res
819 3012 859 3082 in
884 3015 1030 3088 calami·
1499 3018 1637 3088 dicam:

448 3119 582 3190 tatibus
608 3113 702 3186 nibil
725 3115 877 3214 sunt⁸⁷).
1134 3121 1263 3213 „Opes
1278 3117 1486 3194 homiuibus
1507 3135 1592 3198 sunt
1613 3117 1929 3200 honoratissimae,

16 3235 17 3280 l
92 3217 152 3292 loc.
190 3223 310 3310 „Non
344 3222 471 3294 extulit
502 3234 538 3292 te
570 3221 741 3294 nobilitas
776 3223 826 3290 ad
857 3243 1030 3312 magnum
1135 3223 1214 3310 „Et
1232 3220 1569 3296 hahentmaximam
1580 3221 1782 3318 potentiam
1799 3214 2091 3310 interuenisse.

345 3387 347 3394 ,
452 3324 631 3418 gradum?
1133 3329 1290 3420 Propter
1308 3327 1373 3402 has
1395 3327 1466 3402 huc
1487 3329 1615 3412 venio,
1638 3330 1772 3398 ducens
1794 3325 1927 3396 multas

94 3426 158 3498 Pol.
190 3429 363 3516 „Malum
396 3441 451 3501 est
480 3425 573 3498 nihil
598 3424 744 3498 habere.
803 3427 928 3502 Genus
953 3448 1031 3498 non
1084 3429 1161 3506 445
1196 3433 1338 3506 Hastae.
1392 3435 1515 3521 „Nam
1539 3432 1671 3504 nobilis
1694 3430 1772 3514 vir,
1803 3429 1834 3500 si
1860 3445 1999 3520 pauper
2023 3417 2082 3503 sit,

446 3531 537 3603 aluit
558 3557 628 3604 me.
1495 3533 1587 3608 nihil
1611 3531 1730 3632 esl*).
1953 3553 1956 3562 '

94 3633 153 3706 loc.
177 3639 354 3724 „Patria‚
380 3649 422 3709 ut
444 3637 607 3721 videtur,
631 3629 841 3706 charissima
855 3657 913 3706 res
933 3658 1033 3704 mor·
1137 3642 1234 3716 (ibor.
1260 3641 1373 3734 Atqui
1397 3640 1561 3712 Eteocles
1581 3642 1630 3710 ad
1652 3634 1986 3708 reconciliationem
2011 3621 2082 3695 huc

453 3741 586 3812 talibus
607 3752 670 3811 est.
1136 3744 1302 3824 Accedit;
1325 3745 1377 3816 tui
1398 3746 1505 3816 ollicii
1519 3757 1591 3830 est,
1615 3769 1637 3814 o
1655 3755 1773 3812 mater
1787 3737 1941 3822 Iocaste,
1963 3730 2082 3802 dicere

55 3829 115 3908 410
149 3847 220 3919 Pol.
253 3843 341 3919 Non
376 3845 522 3940 quidem
559 3845 678 3915 dicere
712 3865 879 3934 possum,
922 3865 1031 3936 quarn
1136 3843 1449 3936 Talessermones,
1468 3831 2081 3945 qulbusreconciliarepossislilios.

381 3995 388 4010 ·
449 3949 563 4020 dulcis
589 3948 647 4020 sit.
1137 3955 1232 4023 Illeo.
1255 3950 1392 4038 Mater,
1414 3955 1539 4026 adsum
1564 3955 1654 4022 dans
1678 3947 1745 4020 tibi
1769 3943 1863 4016 hanc
1885 3939 2058 4034 gratiamt

51 4087 59 4103 x
94 4047 155 4121 loc.
177 4053 375 4148 Quomodo
390 4051 520 4124 venisti
536 4050 679 4144 Argos?
702 4049 790 4146 quid
811 4047 952 4120 consilii
969 4044 1034 4118 ba·
1086 4048 1163 4124 450
1186 4054 1296 4135 Veni3
1324 4057 1410 4150 quid
1432 4081 1489 4126 me
1510 4057 1627 4126 lacere
1653 4049 1822 4146 oportet?
1847 4042 1997 4136 incipiat
2018 4035 2082 4106 all-

449 4155 586 4228 huisti?
1526 4159 1580 4228 uls
1604 4157 1742 4226 dicere:

95 4255 162 4328 Pol.
185 4259 319 4356 Apollo
343 4259 500 4332 Adrasto
523 4258 672 4353 aliquod
698 4257 884 4326 oraculum
908 4253 1018 4324 dedit.
1141 4259 1235 4352 Quia
1261 4259 1352 4331 circa
1379 4186 1523 4330 moeni}
1551 4262 1632 4350 iuga
1656 4279 1786 4328 eatrrus
1810 4266 1846 4324 et
1868 4244 2079 4338 manipulos

95 4359 157 4431 loc.
173 4363 316 4460 Quale?
332 4365 420 4460 quid
431 4359 653 4436 hoedinisti?
671 4362 842 4431 nonsatis
859 4358 1034 4449 intutigo.
1138 4355 1342 4449 lrrstruens,
1366 4361 1506 4435 inhibui
1535 4363 1736 4443 civitatem,
1761 4369 1804 4430 ut
1823 4369 1859 4426 te
1886 4353 2050 4424 audirem

95 4464 166 4536 Pol.
187 4465 295 4541 lussit
316 4472 404 4542 dare
427 4477 581 4558 nuptum
604 4463 697 4534 lilias
719 4488 808 4557 apro
835 4475 871 4532 et
893 4461 1002 4532 leoni.
1139 4465 1194 4536 De
1228 4467 1412 4538 communi
1441 4465 1754 4548 reconciliatione,
1788 4470 1941 4555 propter
1973 4475 2083 4550 quam

55 4552 118 4634 415
159 4573 227 4647 loe.
257 4572 452 4666 Quomodo
485 4569 553 4638 tibi
586 4567 736 4638 societas
768 4579 846 4635 erat
876 4562 1036 4634 nominis
1500 4570 1602 4642 sactis
1629 4566 1796 4660 induciis,

450 4671 666 4754 bestiarum,
691 4695 713 4738 o
738 4668 814 4738 fili?
1143 4672 1204 4743 Me
1221 4675 1460 4766 persuadens,
1482 4671 1579 4744 hunc
1603 4675 1641 4742 in
1665 4673 1793 4742 urbem
1817 4661 1996 4757 recepisti.

96 4774 165 4848 Pol.
195 4777 280 4852 Non
311 4780 403 4862 scio;
431 4780 546 4849 latum
570 4799 629 4844 me
653 4775 700 4842 ad
726 4768 820 4843 hane
850 4771 1035 4840 lortunam
1090 4773 1448 4869 455100,Expecta,
1502 4775 1699 4862 „celeritas
1721 4797 1798 4844 non
1820 4771 1912 4842 iuste
1935 4763 2022 4856 agil-

450 4881 614 4952 vocabat.
1143 4880 1296 4966 „Tarda
1321 4879 1468 4952 consilia
1492 4882 1651 4950 elliciunt
1670 4879 1784 4949 multa
1813 4859 2062 4966 sapientum).

99 4980 162 5054 loc.
189 4985 341 5080 Sapiens
370 4983 466 5056 enirn
502 4997 555 5055 est
579 4981 690 5052 Deus.
747 4975 817 5050 Sed
851 4978 1036 5070 quomodo

451 5099 577 5158 ”³⁰²OE
601 5109 637 5155 ⁸⁸
661 5077 909 5152 connubium?
1123 5133 1173 5203 58)
1192 5146 1248 5186 uon
1265 5136 1294 5184 et
1304 5120 1359 5185 ¹ttte
1376 5131 1463 5185 miser
1481 5125 1577 5200 erati]
1603 5132 1646 5182 sio
1671 5129 1832 5194 scrtpdmos
1855 5115 2087 5188 tutenemuents

101 5185 170 5262 Pol.
193 5189 276 5264 Nox
301 5206 397 5277 erat,
421 5216 501 5262 cum
525 5189 608 5262 veni
631 5187 675 5258 ad
697 5183 857 5280 porticus
879 5181 1038 5255 Adrasti.
1159 5207 1242 5269 stgno
1264 5204 1391 5268 selsam
1416 5205 1614 5266 eatetenus,
1639 5201 1716 5254 resa.
1735 5209 1791 5250 neu
1808 5221 1843 5233 -
1861 5195 1950 5258 παις
1976 5193 2087 5268 atatam²

101 5287 163 5362 leo.
185 5295 373 5390 Quaerens
395 5295 532 5381 cubile,
553 5293 646 5365 sicut
666 5289 748 5362 exul
773 5285 923 5360 errans?
1159 5273 1498 5406 ξπξζαξξὲξξὲἶζθζθ
1521 5275 1608 5324 ”¹⁸⁸¹
1631 5273 1660 5322 et
1683 5269 1825 5320 4444414
1849 5263 1959 5328 (4444·
1981 5253 2018 5316 ‘³‘
2041 5249 2078 5322 ³⁰

61 5403 246 5438 “““·---

88 5449 132 5516 441
150 5462 263 5518 tt.1.tn
284 5465 334 5518 Ed
355 5461 432 5515 1558.
452 5463 520 5512 uota
535 5458 669 5524 meratus
691 5456 810 5510 Eretum
827 5453 971 5510 ntsertse.
1124 5429 1174 5498 44)
1193 5431 1226 5480 44·
1238 5431 1257 5480 ¹·
1275 5429 1304 5480 ¹¹¹
1322 5430 1405 5482 44444·
1427 5430 1519 5494 44445
1541 5428 1822 5491 4444444414Ὶά
1842 5417 2008 5483 4441444444·

90 5519 133 5590 44)
149 5530 182 5586 tt
194 5529 216 5590 l.
232 5533 260 5588 in
276 5535 328 5588 aa.
350 5531 445 5598 1555,
464 5529 540 5582 tote
558 5533 625 5582 nota
642 5539 746 5596 marga
764 5525 841 5578 aetat
857 5525 950 5576 anter.
1122 5517 1173 5587 to)
1190 5519 1224 5570 11.
1242 5517 1262 5570 Ι.
1279 5515 1309 5568 tn
1327 5515 1370 5566 teta
1387 5517 1471 5568 115111.
1489 5519 1557 5568 neto
1572 5527 1677 5580 marne
1703 5513 1734 5564 to
1752 5515 1979 5578 praeponam.
