4844 6122
278 249 331 329 15
483 326 488 335 ,
875 187 1753 330 1’1111..MEL.suR11⁷rAP1{1LOL0e10s.
2292 266 2342 340 ta
2415 237 2417 250 '

277 425 411 500 iudicia
425 426 469 494 de
490 443 571 492 aere
592 414 687 491 banc
703 417 821 511 ipsam
838 419 885 488 ob
902 442 1064 506 causam,
1090 420 1190 515 quod
1207 445 1283 492 non
1336 422 1517 513 oriuntur,
1533 442 1722 522 quaesunt
1736 429 1937 522 primordia
1949 431 2160 504 facultatum
2176 445 2213 504 et
2228 437 2335 506 actio-
2419 471 2420 474 ¹

278 533 432 602 redeunt
446 525 580 600 similes
597 535 737 606 motus,
761 519 904 594 etiamsi
920 546 1016 594 nunc
1032 523 1076 592 de
1100 519 1180 594 aliis
1200 547 1283 594 eau-
1333 548 1421 595 num
1438 529 1600 620 eorporis
1617 541 1652 600 et
1673 531 1807 616 animi,
1840 543 1875 600 et
1898 531 2002 604 certis
2028 545 2236 628 temporum
2260 564 2336 608 mo·
2415 540 2418 553 '

278 635 328 708 sis
343 629 566 704 variantibus
583 651 703 698 aerem
722 649 800 696 uon
816 625 946 696 dicam.
1333 631 1464 704 mentis
1478 631 1661 704 venientes
1678 635 1837 706 adlectus
1860 647 1924 706 aut
1936 637 2077 724 morbi,
2101 652 2137 710 et
2152 641 2335 733 longaevi·
2418 673 2420 682 ⁴

181 823 186 836 .
383 733 492 829 Quod
506 755 593 804 voro
610 732 658 800 ad
670 724 894 823 genethliaca
914 726 1062 814 attinet,
1095 740 1129 798 et
1150 726 1281 800 iudicia
1334 743 1389 804 tas
1404 759 1444 803 ac
1461 735 1556 808 vitae
1570 736 1747 822 brevitas,
1773 751 1809 810 et
1823 738 1894 808 alia
1913 743 2092 834 quaedam
2111 757 2259 816 externa
2276 747 2338 815 ad-

280 841 324 910 de
340 837 564 931 singulorum
582 833 896 927 temperamentis,
930 832 1042 902 multa
1062 844 1284 904 concurrunt
1334 835 1494 908 iumenta
1517 852 1580 910 aut
1604 839 1819 910 detrimenta
1844 843 2058 936 praecipua,
2096 847 2257 920 naturali
2279 873 2336 918 or·

280 943 371 1030 alia,
398 965 491 1036 quae
507 939 698 1035 qualitates
715 937 754 1006 in
771 935 891 1008 mixtis
906 935 1060 1008 variant.
1335 939 1418 1010 dine
1449 944 1678 1014 nascentibus
1706 943 1891 1038 copulata:
1932 959 1974 1027 ut
1998 972 2080 1021 cum
2105 975 2258 1046 corpore
2280 977 2337 1026 res

381 1044 547 1116 Primum
575 1042 672 1113 enim
697 1040 885 1112 diversitas
906 1039 1072 1124 seminis,
1113 1041 1157 1110 ad
1179 1062 1280 1112 suam
1333 1045 1523 1117 familiaris
1549 1059 1584 1116 et
1607 1046 1813 1132 convietus,
1848 1072 1929 1118 cum
1960 1049 2081 1122 anima
2115 1047 2274 1126 honores
2304 1067 2338 1126 et

280 1147 452 1244 cuiusque
470 1143 713 1240 generationis
735 1156 927 1228 naturam,
953 1141 1184 1235 praecipuam
1208 1142 1281 1210 vim
1335 1148 1510 1240 dignitas,
1564 1163 1600 1220 et
1631 1146 1764 1222 horum
1797 1150 2017 1222 mutationes
2056 1179 2123 1246 pro
2163 1168 2339 1249 tempore.

280 1253 439 1336 confert,
473 1251 636 1346 adeoque
658 1247 889 1332 dominatur,
929 1259 969 1316 ut
992 1247 1030 1315 in
1051 1247 1178 1316 eodem
1201 1270 1282 1316 aere
1334 1250 1440 1322 Nunc
1460 1254 1505 1321 de
1528 1253 1705 1341 utilitate,
1737 1264 1779 1324 ut
1800 1253 2029 1348 propositum
2048 1256 2136 1338 luit,
2169 1258 2339 1328 dicemus.

280 1369 317 1429 et
338 1351 548 1440 horizonte,
590 1365 714 1424 tamen
735 1349 873 1442 singola
902 1349 1039 1420 semina
1063 1350 1120 1420 sui
1143 1349 1282 1442 generis
1335 1353 1403 1424 Sed
1426 1355 1526 1448 prius
1549 1357 1839 1428 constituendum
1863 1369 1933 1440 est,
1968 1357 2056 1450 quid
2077 1359 2165 1428 utile
2188 1359 2339 1430 velimus

281 1458 480 1534 animantia
512 1457 680 1552 gignant,
713 1451 915 1526 humanum
935 1448 1143 1540 hominem,
1182 1453 1283 1548 equi·
1335 1458 1506 1550 intelligi,
1533 1461 1629 1528 etad
1647 1483 1754 1554 quem
1772 1459 1880 1530 linem
1897 1459 2036 1530 referri.

279 1585 368 1640 num
383 1586 530 1658 equum.
671 1565 677 1578 '
1437 1560 1477 1632 Si
1493 1561 1590 1632 enim
1606 1563 1721 1632 animi
1740 1564 1837 1633 bona
1864 1560 2125 1656 spectabimus,
2159 1561 2247 1656 quid
2269 1559 2339 1631 erit

364 1665 506 1738 Deinde
520 1661 710 1758 regionum
724 1658 913 1734 diversitas
928 1683 1003 1730 non
1018 1658 1144 1752 exigua
1159 1657 1284 1730 discri·
1336 1665 1531 1756 optabilius
1547 1669 1594 1737 ad
1609 1664 1921 1762 tranquillitatem,
1943 1665 2116 1758 gaudium
2131 1676 2167 1736 et
2181 1665 2339 1736 oblecta-

280 1769 381 1842 mina
410 1769 451 1840 in
478 1765 709 1840 nascentibus
738 1763 864 1848 efficit,
905 1764 1013 1834 etiarn
1044 1787 1126 1834 cum
1157 1763 1282 1832 eadem
1336 1769 1494 1854 tionem,
1521 1771 1717 1842 multarum
1735 1794 1856 1840 rerum
1875 1763 2119 1840 humanarum
2137 1780 2172 1837 et
2195 1768 2337 1838 divina-

281 1885 366 1948 runt
378 1873 536 1958 semina,
566 1883 608 1944 ut
622 1867 836 1952 hominum,
862 1879 995 1938 etcum
1011 1863 1176 1964 eadem⁸)
1193 1865 1285 1936 coeli
1335 1897 1417 1942 rum
1434 1871 1749 1944 consideratione?
1801 1871 1840 1942 si
1856 1871 1941 1944 vero
1958 1873 2002 1942 ad
2019 1869 2181 1964 corporis
2202 1872 2339 1942 utilita-

281 1977 491 2052 constitutio
514 1985 586 2060 est,
619 1987 743 2044 tamen
764 1995 896 2064 magna
923 1983 975 2044 est
996 1969 1035 2040 in
1057 1969 1207 2042 diversis
1229 1993 1285 2039 re·
1336 1988 1408 2046 tem
1431 1976 1663 2070 respicimus,
1690 1973 1778 2048 haec
1805 1977 1968 2046 doctrina
1992 1975 2107 2068 magis
2127 1997 2237 2070 quam
2262 1973 2338 2046 ulla

281 2081 449 2176 pionibus
479 2077 756 2162 dissimilitudo,
796 2076 894 2172 quod
926 2077 973 2146 ad
997 2097 1151 2166 corpora
1177 2085 1213 2142 et
1239 2073 1284 2141 ad
1337 2079 1406 2150 alia
1425 2082 1603 2166 ostendit,
1629 2081 1718 2176 quid
1735 2079 1906 2175 cuiusque
1924 2077 2174 2150 constitutioni
2189 2089 2225 2150 et
2247 2091 2335 2152 tem-

281 2183 423 2258 animos
448 2183 589 2254 attinet.
647 2179 814 2276 Denique
836 2178 945 2250 etiam
969 2203 1050 2250 cum
1074 2177 1157 2262 illa,
1190 2199 1284 2272 quae
1336 2197 1547 2277 peramento
1562 2184 1753 2278 proprium
1771 2183 1837 2268 sit,
1864 2181 2143 2254 etconveniens.

280 2289 354 2362 iam
370 2287 464 2374 dixi,
491 2285 594 2382 paria
611 2297 715 2372 sunt,
742 2297 866 2356 tamen
889 2284 1120 2354 educationes
1142 2291 1178 2352 et
1199 2303 1284 2350 con·
1438 2287 1549 2383 Quod
1570 2311 1656 2360 vero
1677 2313 1754 2360 non
1774 2286 1943 2358 conducit
1962 2287 2009 2356 ad
2031 2294 2116 2380 opes'
2142 2287 2341 2380 augendas,

280 2391 487 2467 suetudines
525 2388 734 2462 discrimina
771 2387 910 2460 iaciunt
945 2386 984 2456 in
1018 2397 1122 2480 parte
1161 2383 1283 2480 aliqua
1336 2393 1463 2462 autad
1485 2395 1755 2488 consequendos
1778 2386 1955 2476 honores,
1986 2414 2176 2462 commune
2199 2391 2342 2462 crimen

278 2494 577 2594 temperamenti,
611 2507 674 2566 aut
691 2515 855 2578 morum,
886 2503 948 2562 aut
964 2513 1122 2568 casuum.
1336 2507 1389 2568 est
1403 2489 1488 2567 huic
1502 2496 1599 2590 parti
1615 2522 1696 2568 cum
1712 2509 1787 2568 tota
1805 2489 2055 2588 philosophia,
2082 2517 2194 2590 quae,
2221 2517 2343 2588 quan-

383 2599 461 2674 Etsi
484 2599 596 2692 igitur
617 2599 671 2670 vis
693 2595 851 2669 maxima
876 2606 929 2666 est
951 2591 1158 2664 circumfusi
1180 2589 1284 2676 10111,
1335 2610 1413 2670 tum
1432 2599 1472 2670 in
1497 2601 1573 2693 ipsa
1599 2612 1671 2688 est,
1704 2600 1832 2673 talium
1856 2599 2038 2670 bonorum
2059 2623 2135 2670 non
2157 2607 2209 2670 est
2227 2597 2345 2690 largi-

279 2729 390 2802 111110
406 2715 615 2788 1111111111,
641 2726 734 2798 quae
757 2699 932 2784 diximus,
962 2721 1066 2770 1111111
1087 2695 1163 2766 Vim
1187 2719 1283 2767 111111·
1336 2703 1406 2774 trix
1422 2717 1485 2776 aut
1500 2704 1671 2776 effectrix.
1723 2703 1794 2776 Sed
1818 2716 1858 2774 ut
1881 2727 1998 2800 neque
2023 2697 2118 2774 hanc
2140 2713 2344 2794 propterea

279 2821 448 2906 pserunt,
472 2831 553 2878 cum
579 2807 656 2900 ipsa
678 2806 779 2878 coelo
803 2799 895 2891 nihil
920 2803 1126 2874 conserant:
1160 2811 1284 2870 11111111
1335 2809 1568 2894 damnamus,
1589 2807 1638 2878 ita
1653 2831 1721 2878 nec
1736 2819 1897 2880 nostram
1913 2805 2098 2880 scientiam
2115 2803 2347 2894 abiiciemus,

278 2911 348 2986 nisi
378 2913 458 3010 quis
490 2933 531 2982 ea
562 2935 643 2984 cum
669 2909 880 2984 coelestibus
904 2907 1019 2978 causis
1043 2903 1285 2988 coniunxerit,
1336 2937 1416 2984 cum
1432 2912 1579 3008 quidem
1595 2912 1684 2984 alias
1700 2912 1856 2984 maiores
1871 2911 2044 2982 utilitates
2061 2911 2212 2982 adierat.

278 3039 384 3112 saepe
409 3015 566 3102 errabit,
604 3016 635 3088 si
664 3015 762 3088 volet
791 3035 917 3084 omnes
949 3008 1227 3103 significationes
1261 3031 1283 3078 a
1439 3017 1513 3111 Qui
1527 3039 1614 3088 vero
1631 3017 1752 3114 tamt)
1766 3016 1929 3088 inutilem
1946 3041 2021 3088 esse
2038 3014 2276 3098 contendunt,
2303 3009 2350 3086 hi

278 3123 368 3194 coeli
391 3131 495 3192 motu
518 3143 680 3205 sumere,
713 3117 822 3190 etiam
848 3139 928 3200 eas,
964 3139 1056 3210 quae
1079 3137 1155 3184 non
1179 3136 1283 3206 pror·
1334 3121 1494 3192 nonalia
1512 3119 1943 3212 gravicausamovcrise
1966 3119 2110 3206 dicunt,
2145 3115 2215 3190 nisi
2236 3119 2347 3190 fatali

277 3251 337 3302 sus
361 3251 381 3297 a
406 3224 506 3296 coelo
524 3225 696 3318 pendent·
755 3213 1282 3300 1111111111111111111111111,
1333 3225 1553 3298 necessitate.
1605 3223 1759 3298 Videtur
1775 3225 1872 3296 enim
1888 3247 2172 3316 supervactmm,
2196 3221 2349 3314 praevi·

278 3330 344 3406 etsi
368 3329 550 3400 interdum
574 3327 705 3400 fallunt
730 3325 1013 3420 praedictiones,
1054 3333 1282 3394 nontamen
1334 3331 1419 3400 dere
1451 3354 1515 3413 ea,
1554 3327 1685 3424 quibus
1714 3352 1902 3402 occurrere
1931 3327 2138 3418 diligentia,
2178 3338 2213 3398 et
2242 3350 2348 3420 quae

277 3459 335 3508 ars
353 3445 428 3505 tota
446 3433 652 3504 damnanda
668 3443 732 3504 est.
784 3429 836 3502 Ut
850 3451 967 3523 neque
983 3425 1210 3519 gubernandi
1225 3449 1281 3496 ar·
1334 3445 1411 3504 arte
1427 3433 1542 3520 vitare
1556 3456 1632 3502 non
1647 3458 1849 3526 possumus.
1907 3429 1978 3502 Sed
1996 3430 2033 3503 id
2050 3454 2195 3529 quoque
2210 3428 2349 3502 incon.

275 3551 350 3612 tem
365 3536 569 3622 reiicimus,
596 3533 737 3608 etiamsi
752 3558 858 3626 saepe
875 3534 967 3603 liunt
982 3529 1188 3622 naufragiat
1220 3529 1283 3600 sed
1333 3538 1486 3608 sidet-ate
1513 3537 1655 3608 dieitur.
2387 3605 2392 3611 ,

276 3646 379 3720 decet
396 3664 484 3726 nos,
518 3653 559 3712 ut
576 3639 730 3712 intanta
747 3651 782 3710 et
798 3636 920 3710 divina
938 3634 1161 3730 professione
1177 3643 1281 3726 grato
1437 3640 1601 3714 Primum
1620 3639 1716 3712 enim
1742 3640 1780 3710 in
1798 3637 1874 3727 his,
1907 3665 2000 3737 quae
2022 3639 2222 3714 necessario
2245 3640 2354 3710 acci.

276 3747 398 3820 animo
416 3743 586 3840 amplecti
599 3757 763 3830 tantum,
789 3755 966 3840 quantum
990 3737 1132 3835 assequi
1158 3761 1282 3830 possu·
1333 3744 1445 3828 dunt,
1467 3743 1673 3836 ignorantia
1689 3744 1727 3812 in
1743 3769 1782 3816 re
1800 3747 1917 3818 subita
1943 3759 1979 3816 et
1999 3744 2216 3839 improvisa,
2253 3769 2354 3816 con·

275 3877 377 3938 mus,
412 3875 478 3922 nec
503 3850 686 3943 postulare
710 3850 754 3920 de
777 3846 945 3918 omuibus
969 3845 1077 3916 rebus
1098 3841 1281 3914 1111111111·
1332 3847 1572 3920 sternationes
1604 3849 1810 3919 animorum
1840 3849 1996 3922 maiores
2017 3863 2062 3928 ,et
2080 3849 2358 3924 immoderatas

275 3981 381 4042 nem,
408 3967 583 4050 tanquam
599 3954 645 4024 ab
666 3965 743 4024 arte
767 3951 910 4046 penitus
933 3943 1193 4041 comprehensa
1215 3943 1280 4016 ho·
1333 3953 1488 4024 laetitias
1504 3952 1621 4024 elficit.
1674 3953 1861 4026 Praevisio
1879 3978 1965 4024 vero
1984 3952 2181 4026 adsuefecit
2198 3964 2235 4022 et
2265 3979 2358 4026 mo-

276 4059 416 4132 minum
433 4058 645 4152 sagacitate;
672 4058 735 4129 sed
753 4079 883 4126 ornare
899 4079 979 4125 eam
998 4065 1034 4124 et
1049 4053 1200 4124 reddere
1225 4051 1281 4120 in·
1332 4058 1481 4128 deretur
1509 4057 1692 4142 animum,
1741 4069 1782 4128 ut
1813 4059 1859 4130 ad
1886 4070 2038 4128 ventura
2068 4081 2105 4130 se
2135 4057 2362 4146 confirmet,

276 4161 504 4236 structiorem
523 4163 567 4236 iis
583 4160 819 4244 coniecturis,
852 4183 945 4254 quae
968 4157 1114 4230 aliunde
1137 4179 1280 4228 sumen·
1332 4159 1483 4254 perinde
1499 4186 1540 4230 ac
1555 4161 1585 4232 si
1602 4173 1718 4234 esseut
1733 4163 1956 4252 praesentia,
1982 4185 2024 4232 ac
2041 4171 2241 4254 praeparat
2263 4187 2363 4250 nos,

277 4269 344 4338 dae
362 4277 463 4347 suntt
488 4279 599 4362 utque
616 4265 764 4338 medicis
778 4287 855 4336 non
871 4263 1044 4334 vertimus
1061 4259 1171 4346 vitio,
1198 4283 1280 4331 cum
1332 4277 1373 4335 ut
1389 4263 1527 4358 placide
1544 4277 1580 4334 et
1595 4277 1802 4336 constanter
1817 4291 1857 4336 ea
1879 4265 2110 4358 excipiamus.

150 4445 156 4456 ,
277 4373 321 4442 de
338 4370 467 4440 morbo
484 4369 704 4462 aegrotantis
719 4381 755 4440 et
772 4369 816 4438 de
832 4367 907 4440 eius
922 4379 1071 4450 natura,
1100 4364 1279 4460 quaedam
1434 4367 1575 4445 Deinde
1594 4393 1660 4440 nec
1683 4369 1961 4442 existimandum
1984 4378 2074 4455 est,‘
2096 4365 2243 4459 singula
2283 4365 2367 4442 ho·

277 4475 521 4554 sciscitantur;
550 4472 599 4544 ita
616 4486 652 4544 et
674 4469 734 4544 hic
757 4493 834 4544 non
855 4466 1192 4564 reprehendendum
1215 4479 1280 4552 est,
1331 4471 1489 4543 minibus
1507 4497 1526 4542 a
1542 4474 1686 4544 coelesti
1701 4497 1806 4546 causa
1824 4473 2004 4558 accidere,
2031 4485 2205 4568 tanquam
2234 4497 2369 4566 pror-

277 4579 394 4674 siqua
414 4579 459 4650 de
474 4575 700 4670 regionibus,
727 4598 875 4668 genere,
900 4575 1082 4659 moribus,
1117 4586 1181 4645 aut
1201 4571 1281 4642 aliis
1331 4601 1391 4648 sus
1406 4577 1452 4647 ab
1470 4576 1688 4648 immutabili
1702 4590 1737 4648 et
1753 4577 1877 4650 divino
1892 4579 2057 4660 decreto,
2083 4589 2118 4648 et
2136 4576 2249 4670 quasi
2272 4579 2370 4673 lege

278 4681 520 4754 accidentibus
535 4679 753 4776 requirenda
771 4703 845 4754 esse
864 4677 1035 4750 dicemus.
1331 4681 1403 4750 lata
1420 4682 1463 4751 de
1481 4681 1649 4774 singulis,
1674 4695 1715 4754 ut
1726 4683 1928 4756 necessario
1947 4679 2135 4766 eveniant,
2162 4702 2235 4750 nec
2265 4707 2370 4776 pos-

1331 4784 1378 4856 sit
1395 4785 1465 4858 alia
1483 4811 1588 4858 eausa
1606 4787 1791 4858 obsistere.
1841 4785 1937 4860 Nam
1958 4787 2034 4878 ipse
2049 4785 2195 4881 quidem
2211 4801 2373 4862 motus

1332 4889 1493 4962 coelestis
1509 4889 1631 4960 divina
1652 4892 1809 4986 quadam
1832 4903 1869 4962 et
1891 4903 2035 4962 aeterna
2061 4889 2139 4980 lege
2164 4887 2375 4964 immuta·

383 4995 501 5086 Supra
517 4988 675 5062 breviter
690 4991 850 5084 exposui,
866 4991 1072 5088 possibilem
1087 5015 1161 5062 esse
1176 5015 1279 5084 prae·
1330 4993 1412 5064 bilis
1438 5007 1507 5072 est;
1542 4996 1604 5064 sed
1629 4993 1800 5064 inferiora
1825 4995 1900 5064 fato
1924 4994 2085 5066 naturali
2108 5005 2144 5062 et
2166 4997 2377 5068 mutabili

277 5095 472 5168 dictionem
506 5119 549 5165 ex
579 5107 761 5168 astrorum
783 5094 942 5166 motibus
962 5119 1004 5164 ac
1028 5107 1157 5166 natura
1181 5121 1279 5166 sum·
1331 5097 1537 5180 variantur,
1579 5123 1660 5170 cum
1686 5098 1831 5192 quidem
1855 5099 1991 5192 primas
2015 5119 2138 5168 causas
2161 5101 2381 5172 mutatio-

277 5211 377 5294 ptam
388 5201 407 5286 ,'
423 5211 458 5270 et
473 5199 573 5294 quod
589 5199 635 5268 ad
650 5197 847 5270 accidentia
864 5197 975 5283 aeris,
1001 5223 1041 5268 ac
1061 5199 1108 5268 ad
1132 5223 1191 5270 eas
1213 5195 1280 5268 bo·
1331 5225 1419 5270 num
1436 5225 1456 5269 a
1474 5200 1574 5270 coelo
1591 5201 1788 5294 accipiant,
1822 5227 1915 5298 quae
1931 5200 2099 5272 accidunt
2114 5199 2164 5272 eis
2180 5203 2380 5276 subinde

277 5301 418 5376 minum
448 5301 702 5395 dispositiones
733 5303 935 5396 pertineat,
983 5325 1075 5395 quae
1115 5303 1160 5372 ab
1194 5327 1278 5374 aere
1331 5303 1434 5373 aliter
1452 5327 1518 5396 per
1534 5306 1840 5400 consequentiam.

304 4859 400 4948 Quod
420 4859 467 4928 rit
489 4853 586 4926 utilis
606 4855 766 4924 «1111111111
788 4853 829 4922 de
851 4849 1020 4944 effectibus
1041 4829 1246 4923 coelestibus.

310 5542 345 5604 8)
363 5543 475 5604 erden]
495 5541 640 5596 111111.
659 5545 903 5610 onerositate:
930 5542 1036 5596 roten.
1363 5548 1396 5605 4)
1415 5548 1490 5608 esu]
1510 5545 1539 5597 tn
1556 5545 1607 5598 Ed.
1624 5544 1699 5598 rats.
1717 5545 1805 5601 deest.
