4844 6122
105 225 153 304 ss
277 215 420 290 xnvn
465 209 868 290 nranrnurano
892 205 1066 286 oensis
1093 187 1484 302 Quanmesunrt
1508 193 1794 274 runcantur
1819 194 1911 268 nn.
1933 191 1978 269 11.

105 409 138 470 et
152 417 215 468 suo
231 389 413 484 tempori;
442 388 484 460 in
498 413 601 472 vere,
629 412 674 457 ex
695 395 789 458 terra
816 381 1047 456 nascentibus
1067 393 1103 452 et

14 561 15 585 ,
105 499 366 570 fructiferarum
383 493 556 562 arborum
573 490 811 582 germinibus,
843 486 995 568 vitibus,
1026 483 1101 556 ficis

14 587 16 662 i
108 617 140 674 et
151 601 224 672 aliis
240 596 582 669 maturescentibus.
630 591 674 662 ln
689 591 842 665 solstitio
859 600 981 675 autem
997 586 1102 657 aesti-

111 731 151 774 vo
165 716 266 774 nocet
281 699 391 770 messi
406 711 442 768 et
454 699 599 788 frugum
623 693 891 787 importationi;
932 690 971 761 in
985 690 1102 782 Aegy·

113 819 170 900 pto
188 819 303 878 autern
320 800 474 894 proprie
499 813 535 870 et
549 799 622 870 Nili
638 797 916 870 exundationem
933 793 1102 883 impedit;

122 914 159 980 in
177 905 365 978 autumnali
390 901 644 996 aequinoctio,
670 899 821 972 sementi
846 911 881 968 et
902 899 1028 975 foenus
1063 895 1102 964 in

126 1014 253 1094 bruna,
284 1008 443 1078 oleribus
464 1018 502 1074 et
528 1003 651 1074 avibus
678 1015 714 1072 et
735 1003 891 1095 piscibus
913 999 989 1069 eins
1014 1012 1103 1068 tenr-

168 1137 216 1184 ru.

128 1140 168 1206 1³⁰
204 1212 245 1284 fn
263 1209 507 1306 aequinoctiis
522 1231 609 1280 vero
629 1205 738 1278 etiam
760 1204 962 1297 significant
984 1225 1103 1276 sacro·

117 1343 183 1388 rom
204 1329 240 1388 et
261 1313 483 1406 religionum
506 1312 740 1389 mutationes;
772 1309 812 1378 in
834 1305 981 1398 tropicis
1003 1328 1105 1388 vero,

116 1417 510 1508 aerisetimperiorum.
569 1414 692 1486 Firma
713 1423 834 1484 autem
857 1409 979 1500 signa,
1005 1407 1104 1478 'l'au-

116 1550 183 1609 rus,
206 1522 307 1606 Leo,
335 1518 508 1610 Scorpius
529 1531 564 1587 et
575 1514 777 1612 Aquarius,
809 1513 1010 1604 significant
1022 1511 1104 1582 fun·

118 1625 282 1698 danentis
312 1636 350 1692 et
379 1620 563 1692 aedificiis.
635 1619 705 1690 Sed
735 1617 907 1706 gemella,
945 1612 1105 1695 Gemini,

117 1729 233 1823 Virgo,
259 1725 495 1818 Sagittarius,
518 1722 656 1806 Pisces,
682 1719 883 1810 significant
897 1713 1104 1788 bominibus

120 1847 149 1904 et
158 1832 309 1924 regibus.
760 1903 763 1908 .

207 1933 256 2004 Et
272 1931 439 2014 defectus,
465 1925 529 2022 qui
542 1928 655 2017 magis
670 1937 754 1996 suut
765 1925 805 1994 in
813 1923 975 2004 Oriente,
996 1919 1105 2012 signi·

122 2035 416 2116 armitenentes,
444 2029 706 2101 adolescentiae
728 2040 764 2098 et
792 2026 869 2096 eins
890 2025 1105 2094 fundamen·

134 2139 193 2216 tiss
221 2133 510 2225 inmediocoeli,
535 2132 760 2223 regionibus,
786 2126 947 2220 regibus,
974 2139 1010 2196 et
1030 2150 1106 2196 me·

140 2239 208 2307 diae
226 2239 341 2316 aetati·
366 2237 405 2308 in
430 2259 580 2321 occasu,
611 2235 730 2327 legum
752 2231 971 2302 mutationes
994 2242 1031 2300 et
1052 2253 1107 2300 se·

129 2355 240 2412 uectae
251 2365 346 2414 casus
360 2353 395 2410 et
409 2363 528 2410 neces.

213 2445 328 2539 Quam
342 2445 416 2514 late
434 2455 554 2512 autem
573 2451 720 2510 eventus
736 2435 902 2532 vagaturi
925 2435 1015 2519 sint,
1049 2457 1107 2506 su·

127 2547 218 2618 uritur
246 2572 290 2620 ex
317 2545 571 2636 magnitudine
598 2543 821 2626 defectuum,
862 2552 898 2610 et
919 2563 962 2612 es
985 2537 1107 2622 stellis,

125 2675 199 2745 quae
237 2650 280 2720 in
318 2650 401 2742 ipso
443 2648 583 2718 defectu
624 2669 752 2716 causae
784 2655 870 2716 sunt
902 2653 1107 2712 eventuum.

123 2753 237 2826 Omnia
257 2752 407 2824 minim
431 2751 544 2834 liunt,
576 2773 659 2820 cum
684 2749 824 2841 eclipsis
845 2746 939 2818 Solis
963 2766 1108 2836 vesper·

121 2854 184 2928 tina
203 2867 275 2941 est,
317 2869 358 2926 et
386 2879 468 2926 curn
490 2850 616 2924 Lunae
642 2853 797 2924 defectus
822 2848 992 2922 matutini
1013 2859 1109 2920 stant.

117 2956 154 3030 ln
174 2958 406 3054 oppositione
427 2969 548 3030 autem
567 2959 717 3028 demunt
732 2955 935 3026 dimidium.
988 2951 1109 3022 Matu-

121 3065 322 3136 timentem
346 3061 442 3134 Solis
474 3061 651 3146 defectus,
693 3072 730 3130 et
750 3056 946 3151 vespertini
967 3053 1109 3142 Lunae,

128 3180 241 3258 augent
249 3166 364 3238 mals.

197 3339 322 3422 Quales
345 3335 463 3427 secturi
488 3337 561 3407 sint
583 3343 721 3404 eventia
745 3333 824 3404 isai
847 3341 906 3404 aut
930 3331 1025 3404 matt

206 3470 250 3542 ln
281 3483 417 3568 quarto
449 3471 563 3564 capite
597 3469 824 3563 propositum
852 3468 942 3553 fuit,
987 3469 1111 3563 quales

122 3573 208 3644 rnodi
222 3575 298 3646 sint
316 3587 532 3658 eventuum,
556 3585 680 3644 utrum
693 3573 802 3656 boni,
837 3596 885 3642 an
900 3595 989 3642 vero
1011 3574 1111 3658 mali,

123 3689 154 3745 et
166 3679 285 3771 quales
299 3679 340 3746 in
353 3689 508 3770 utraque
523 3676 641 3769 specie
654 3677 766 3747 futuri
781 3675 864 3747 sint.
909 3675 988 3744 Hoc
1002 3678 1112 3748 sumi-

123 3791 175 3848 tur
191 3805 210 3848 a
227 3791 358 3850 natura
381 3781 567 3850 stellarum
592 3779 878 3862 dominantium,
912 3803 1005 3874 quae
1028 3790 1113 3852 sunt

124 3881 370 3974 inpraecipuis
392 3881 500 3967 loeis,
532 3895 568 3952 et
590 3907 714 3953 earum
738 3882 994 3953 commixtione
1017 3883 1112 3952 inter

128 4005 211 4064 sese,
233 3997 361 4056 etcum
378 3985 424 4056 iis
438 3986 546 4068 locis,
570 3985 609 4054 in
633 3987 763 4079 quibus
787 4009 861 4056 esse
887 3985 1112 4078 conspiciun-

130 4095 194 4156 tur.
251 4085 339 4158 Nam
362 4088 427 4158 Sol
453 4101 489 4157 et
512 4087 614 4158 Luna
640 4091 898 4180 gubernatores
919 4103 1003 4160 sunt
1025 4090 1112 4158 alia·

124 4211 197 4258 rum
222 4192 428 4274 stellarum,
462 4204 498 4262 et
519 4193 735 4284 praecipuae
757 4215 885 4263 causae
906 4206 1112 4277 eventuum,

124 4305 155 4362 et
182 4307 312 4384 regeint
343 4295 528 4366 stellarum
560 4296 745 4382 dominia,
785 4307 821 4364 et
844 4295 1112 4366 dominantium

126 4395 207 4467 sires
227 4411 291 4468 aut
307 4399 543 4482 confirmant,
569 4411 632 4468 aut
647 4397 899 4490 langefaciunt.

215 4499 471 4570 consideratio
495 4525 582 4570 vero
611 4502 814 4586 stellarum,
856 4523 949 4595 qnae
978 4499 1115 4593 praeci·

127 4622 224 4690 pnurn
249 4605 308 4674 ius
332 4605 371 4672 in
394 4604 651 4674 commixtione
673 4600 824 4688 babent,
850 4603 986 4673 indicat
1008 4627 1115 4672 even·

125 4713 215 4776 tuuur
239 4708 467 4802 qualitatem.
530 4704 746 4798 Incipiemus
767 4708 877 4799 igitur
898 4709 943 4776 de
968 4706 1116 4798 singtilis

123 4810 317 4880 errantium
352 4809 536 4880 stellarum
570 4811 803 4906 qualitatibus
840 4809 972 4879 dicere.
1045 4808 1115 4880 Sed

123 4901 204 4982 baec
213 4914 336 4983 brevis
353 4915 595 5006 praemonitio
609 4915 773 4983 addenda
789 4925 862 4996 est,
890 4913 1007 5006 quod,
1031 4933 1114 4980 cum

122 5016 333 5102 generaliter
350 5016 510 5110 aliquam
529 5017 680 5086 nomino
698 5016 896 5086 errantium
918 5015 1116 5098 stellarum,

123 5115 190 5188 rim
213 5119 378 5211 intelligo
401 5119 612 5190 effectricem
637 5120 810 5204 similem,
849 5119 923 5190 sive
951 5117 1013 5193 illa
1040 5117 1116 5208 ipsa

123 5221 216 5292 stella
232 5222 464 5307 dominetur,
497 5225 572 5294 sive
597 5223 667 5292 alia
689 5223 756 5292 fixa
778 5222 900 5306 stella,
934 5231 997 5290 ant
1018 5219 1117 5290 locus

122 5323 300 5416 signiferi,
326 5325 480 5399 similem
499 5327 571 5394 vim
588 5321 741 5396 habens:
775 5338 836 5410 ut,
867 5323 897 5396 si
919 5322 964 5394 de
984 5333 1116 5392 natura

122 5439 156 5496 et
171 5429 345 5524 qualitate
362 5427 545 5519 ingruere
562 5429 738 5524 dicerem,
762 5453 840 5503 uon
855 5427 902 5498 de
914 5423 1038 5502 stellis·

171 5545 361 5612 Imma.
384 5544 493 5610 Orsa.
512 5547 598 5610 Vos.
618 5545 744 5612 xvttt.

2098 197 2150 278 ὅθ

1256 373 1333 452 Nec
1349 375 1388 446 in
1404 371 1639 446 mixtionibus
1654 381 1796 440 tantum
1820 370 2005 442 stellarum
2028 396 2153 446 erran·

1153 479 1246 551 tium
1273 501 1482 568 congressus
1504 475 1685 566 intelligo,
1726 475 1787 546 sed
1821 473 1973 546 aliarum
2006 498 2153 570 quoque

1153 582 1287 654 similes
1300 593 1469 664 naturas,
1495 579 1570 650 sive
1585 579 1750 659 fixarum,
1776 577 1849 648 sive
1865 576 2030 648 locorum
2044 580 2155 670 signi-

1153 685 1239 768 feri,
1265 697 1306 756 ut
1318 683 1581 754 familiaritates
1595 705 1676 751 cum
1701 681 1905 750 errantibus
1927 705 2037 774 supra
2059 683 2154 754 iudi·

1154 799 1254 858 eatae
1280 799 1375 858 sunt.

1255 889 1432 962 Saturnus
1457 911 1539 956 curn
1563 887 1660 958 solus
1684 883 1912 968 dominatur,
1939 887 2155 976 generaliter

1154 1014 1260 1062 causa
1278 1005 1331 1062 est
1345 989 1621 1082 corruptionum
1636 1011 1678 1060 ex
1693 987 1847 1078 frigore,
1883 1000 1920 1058 et
1943 991 2090 1080 proprie
2114 990 2154 1060 in

1153 1089 1344 1167 bominum
1367 1093 1581 1184 corporibus
1603 1092 1749 1162 morbos
1776 1091 1986 1174 diuturnos,
2019 1093 2154 1176 tabem,

1155 1197 1488 1288 consumptionem,
1533 1219 1627 1288 quae
1652 1195 1768 1264 uritur
1788 1219 1832 1266 ex
1854 1189 2047 1278 catarrhis,
2088 1191 2155 1268 hu·

1154 1324 1300 1372 morum
1316 1297 1639 1390 perturbationem,
1665 1297 1793 1380 ssnsrrs,
1816 1309 2012 1391 quartanas
2027 1300 2156 1383 febres,

1155 1403 1280 1485 exilia,
1306 1403 1469 1494 inopias,
1494 1401 1695 1490 angustias,
1729 1399 1863 1500 luctus,
1896 1425 2070 1492 pavores,
2101 1403 2156 1472 in·

1156 1505 1300 1590 teritus,
1333 1505 1489 1574 maxime
1513 1527 1639 1572 senum
1665 1503 1782 1574 eflicit.
1834 1501 2036 1574 Bestiarum
2056 1529 2156 1590 vero,

1157 1631 1249 1702 quae
1263 1621 1350 1678 sunt
1364 1607 1468 1678 utiles
1486 1602 1711 1688 huminibus,
1745 1607 1936 1696 penuriam
1959 1607 2085 1691 efficit,
2121 1619 2158 1678 et

1157 1735 1234 1794 eas,
1268 1735 1361 1804 quae
1385 1709 1545 1804 reliquae
1568 1721 1670 1792 sunt,
1711 1707 1847 1778 morbis
1872 1707 2030 1802 adfligit,
2064 1711 2155 1782 adeo

1156 1825 1197 1883 ut
1215 1813 1422 1906 contagium
1440 1813 1486 1882 ad
1503 1807 1668 1884 homines
1684 1809 1887 1902 perveniat,
1913 1808 1977 1908 qui
1991 1809 2033 1882 iis
2049 1824 2158 1884 utun-

1157 1928 1228 1986 tur.
1294 1913 1335 1984 In
1358 1940 1439 1984 acre
1462 1913 1575 2006 frigus
1599 1909 1821 1984 hor-rendum
1845 1915 1992 1996 excitat,
2026 1914 2158 2008 glacio·

1157 2044 1256 2102 sum,
1283 2019 1494 2089 nebulosum
1514 2029 1550 2086 et
1565 2020 1745 2109 pestilens.
1796 2017 1901 2090 Aeris
1923 2015 2159 2106 turbationes,

1158 2123 1286 2191 densas
1301 2121 1433 2208 nubes,
1460 2119 1647 2214 caligines,
1676 2117 1838 2211 copiosas
1852 2112 1983 2206 nives,¹
1997 2146 2074 2192 non
2088 2122 2160 2194 uti·

1157 2227 1227 2310 les,
1266 2227 1329 2295 sed
1354 2227 1564 2308 damnosas,
1607 2235 1642 2292 et
1673 2223 1769 2292 unde
1796 2238 1978 2318 serpentes
2001 2222 2161 2298 nocituri

1158 2323 1367 2400 bominibus
1383 2339 1591 2400 nascuntur.
1642 2321 1684 2394 In
1703 2323 1822 2398 fluviis
1838 2340 1873 2398 et
1890 2329 1985 2398 mari
1998 2341 2160 2402 commu-

1159 2431 1254 2502 niter
1274 2455 1399 2502 saevas
1424 2440 1652 2524 tempestates
1684 2441 1718 2496 et
1748 2430 1958 2520 naufragia,
1998 2431 2160 2504 difficiles

1159 2559 1302 2620 cursus,
1344 2535 1535 2628 penuriam
1562 2545 1597 2602 et
1625 2529 1811 2603 interitum
1839 2532 2010 2628 piscium;
2049 2557 2091 2604 ac
2120 2535 2161 2606 iu

1160 2637 1254 2708 mari
1274 2639 1504 2730 peculiariter
1526 2658 1683 2708 recessus
1705 2659 1840 2732 aquae,
1867 2635 2092 2708 destituentis
2109 2637 2161 2708 al-

1159 2767 1265 2814 veum
1283 2755 1320 2812 et
1334 2741 1507 2821 refluxuss
1550 2740 1589 2808 in
1611 2735 1730 2809 fluviis
1746 2764 1833 2810 vero
1852 2739 2111 2814 exundationes
2126 2751 2162 2814 et

1161 2869 1338 2940 aquarum
1355 2842 1639 2937 corruptionem.
1687 2839 1730 2912 In
1753 2857 1870 2930 terra,
1900 2843 2082 2916 fructuum
2105 2868 2163 2916 ca·

1160 2951 1325 3033 ritatem,
1351 2949 1543 3042 penuriam
1561 2959 1596 3017 et
1610 2945 1834 3033 vastitatem,
1866 2947 2022 3020 maxime
2041 2973 2163 3021 neces·

1160 3053 1340 3126 sariorum
1364 3055 1410 3122 ad
1430 3053 1585 3137 victum,
1619 3073 1682 3123 seu
1705 3075 1771 3141 per
1794 3075 1917 3124 erucas
1939 3065 1974 3122 et
1994 3053 2163 3138 locustas,

1161 3181 1225 3228 seu
1254 3179 1320 3247 per
1351 3155 1487 3226 diluvia
1519 3167 1555 3225 et
1585 3153 1736 3238 imbres,
1784 3179 1846 3226 seu
1870 3179 1936 3248 per
1957 3155 2163 3248 grandines,

1162 3283 1204 3330 eo
1239 3281 1353 3352 usque
1383 3272 1426 3328 ut
1455 3254 1621 3330 homines
1657 3257 1753 3327 fame
1783 3271 1819 3329 et
1849 3257 2026 3331 similibus
2057 3257 2163 3330 malis

1162 3375 1324 3457 pereant.

1264 3463 1401 3558 Iupiter
1419 3491 1499 3537 cum
1513 3466 1610 3537 solus
1627 3463 1853 3552 dominatur,
1879 3467 2093 3559 generaliter
2106 3466 2162 3536 in-

1163 3581 1345 3664 crementa
1379 3571 1504 3656 efficit,
1550 3591 1704 3664 cumque
1738 3583 1885 3642 eventus
1920 3575 1966 3642 ad
1994 3567 2162 3644 homines

1164 3673 1364 3766 pertinent,
1390 3674 1563 3766 gloriam,
1589 3671 1832 3759 fertilitatem,
1864 3673 2162 3770 tranquillitatem

1164 3790 1199 3848 et
1214 3801 1338 3871 pacem
1361 3777 1556 3869 significan
1591 3789 1696 3871 auget
1717 3801 1793 3848 rem
1816 3777 2051 3862 familiarem,
2084 3799 2163 3846 cor·

1163 3881 1264 3974 poris
1280 3893 1315 3950 et
1330 3880 1442 3950 animi
1464 3881 1561 3952 bona
1585 3883 1703 3964 fovet,
1737 3881 1908 3952 beneficia
1931 3895 1967 3952 et
1991 3881 2085 3949 dona
2105 3903 2163 3949 re-

1164 4009 1249 4076 gum
1271 3984 1470 4076 promittit,
1499 3999 1534 4056 et
1560 3987 1818 4076 gubernatores
1844 3987 1941 4078 ipsos
1966 3983 2079 4078 gloria
2104 4005 2164 4052 or·

1164 4099 1246 4167 nat;
1274 4086 1368 4156 acin
1388 4111 1519 4179 genere
1541 4089 1722 4160 bonorum
1745 4111 1848 4161 causa
1873 4100 1935 4159 est.
1986 4085 2163 4156 Animan-

1164 4189 1256 4259 tium
1274 4215 1382 4274 vero‚
1409 4215 1502 4286 qnae
1518 4193 1639 4264 usibus
1655 4187 1822 4263 humanis
1836 4189 2016 4275 serviunt,
2042 4189 2163 4260 multi-

1165 4294 1328 4363 tudinem
1354 4295 1547 4384 significat,
1587 4309 1622 4366 et
1647 4295 1792 4366 exitium
1818 4307 1942 4366 contra
1968 4293 2030 4377 iis,
2068 4315 2162 4387 quae
2223 4327 2231 4334 ·

1165 4409 1297 4466 nocent
1313 4391 1532 4470 bominibus.
1579 4395 1620 4468 ln
1636 4423 1718 4468 aere
1734 4412 1874 4482 autem,
1900 4409 2163 4490 temperamen-

1166 4513 1244 4569 tum
1258 4501 1411 4584 bounm,
1435 4501 1589 4584 salubre,
1617 4513 1818 4586 ventosum,
1844 4497 2047 4586 humidum,
2065 4500 2163 4570 alens

1166 4625 1223 4672 res
1239 4613 1334 4670 terra
1354 4615 1559 4686 nascentes,
1586 4603 1733 4673 navium
1759 4629 1881 4675 cursus
1903 4603 2021 4686 iuvat,
2045 4599 2164 4671 flumi-

1167 4729 1253 4774 num
1274 4703 1467 4772 mediocria
1485 4705 1724 4791 incrementa,
1741 4719 1776 4777 et
1792 4709 1934 4798 frugum
1949 4705 2110 4796 copiam,
2127 4711 2164 4774 et

1167 4805 1223 4878 bis
1238 4804 1369 4878 similia
1387 4807 1502 4877 eflicit.

1271 4908 1371 4978 Mars
1388 4931 1475 4977 vero
1499 4909 1597 4981 solus
1619 4911 1824 4980 dominium
1845 4921 1991 4992 nactus,
2015 4929 2164 4999 genera·

1166 5009 1250 5080 liter
1265 5011 1508 5102 corruptionis
1524 5037 1627 5085 cattsa
1645 5027 1698 5084 est
1710 5027 1860 5106 propter
1873 5013 2080 5084 siccitatem.
2117 5007 2165 5078 Er

1167 5139 1248 5184 cum
1265 5126 1415 5184 eventus
1430 5116 1475 5182 ad
1490 5110 1655 5188 homines
1673 5117 1870 5208 pertinent,
1897 5114 1966 5184 ciet
1981 5113 2086 5194 bella,
2110 5133 2165 5181 se-

1167 5215 1323 5287 ditiones
1339 5216 1547 5304 iutestinas,
1572 5220 1817 5313 captivitates,
1847 5217 1984 5288 excidia
2006 5213 2165 5297 urlrium,

1168 5319 1295 5413 populi
1310 5322 1504 5405 tumultus,
1529 5323 1733 5415 principum
1751 5323 1843 5409 iras,
1870 5334 1907 5392 et
1920 5331 2070 5412 propter
2085 5336 2166 5386 earn

1168 5447 1316 5496 cauam
1326 5423 1470 5495 subitas
1479 5449 1605 5512 neces,
1638 5439 1828 5520 praecarer
1848 5437 1885 5496 et
1904 5423 2022 5494 febres
2043 5418 2167 5492 tertie*
