4732 6098
333 193 410 270 775
914 192 1036 270 PHlL.
1063 196 1176 272 Mal..
1204 193 1407 270 SCRIPTA
1433 190 1770 266 PHlLOLOGlCA.
2229 110 2281 277 vl

363 365 387 440 5
408 365 481 462 Qui
498 363 797 460 quadripartitam
815 365 930 438 noctis
947 367 1105 460 vigiliam
1425 365 1641 438 Desiderans
1656 391 1790 438 novum
1805 366 1953 462 aliquod
1969 367 2147 456 consilium,

387 469 515 541 'Potius
530 467 702 540 exercitus
1424 469 1620 563 Nunquam
1636 469 1731 540 enim
1750 482 1854 540 antea
1868 470 1967 542 sicin
1978 485 2071 544 metu
2082 474 2140 544 fuit

387 575 482 644 Ante
497 571 676 642 civitatem
695 569 893 640 Troianam
908 575 1065 646 sedendo
1082 579 1227 666 obeunt,
1424 572 1595 643 Nauticus
1612 573 1796 644 exercitus·

387 675 494 748 Solve
509 687 645 746 trucem
665 675 784 746 sedem
800 675 1065 768 palpebrarum.
1424 675 1506 744 Tibi
1522 676 1704 768 suspicans
1719 678 1879 746 futurum

390 779 568 874 Relinque
586 792 685 848 toros
700 772 800 847 humi
816 790 959 865 stratos,
1374 771 1424 847 50
1448 777 1587 849 Accessi
1600 780 1768 862 nuntius,
1794 803 1839 846 ne
1855 801 2015 872 unquam

341 887 388 956 10
415 883 568 964 llector;
593 895 732 975 tempus
749 892 800 951 est
816 881 910 951 enirn
928 883 1064 954 audire.
1422 881 1591 976 Aliquam
1609 884 1871 953 accusationem
1888 880 1925 950 in
1944 907 2009 954 nos
2024 881 2124 952 dicas.

389 991 484 1060 Hert.
507 983 597 1079 Quis
614 1009 667 1068 es,
691 982 829 1054 amice?
854 985 931 1070 die,
950 988 1031 1080 quis
1046 987 1118 1059 sis?
1423 988 1519 1056 lieet.
1545 983 1760 1078 Opportune
1775 983 1923 1064 venisti,
1949 1009 2155 1080 quamquam
2168 998 2266 1054 terrore

389 1089 486 1182 Quid
503 1083 572 1158 hoc
587 1087 677 1180 sigui
694 1083 769 1156 e'st?
1783 1087 2012 1159 denuntians.

388 1191 544 1286 Quinam
561 1215 626 1285 per
639 1201 781 1262 noctem
800 1191 846 1258 ad
862 1203 982 1262 nostra
1422 1187 1552 1260 Graeci
1567 1189 1663 1260 enim
1680 1215 1722 1259 ex
1740 1185 1808 1262 hac
1821 1203 1915 1260 terra
1932 1203 2104 1262 nocturna
2117 1187 2188 1256 navi

388 1293 524 1366 Cubilia
542 1289 862 1388 appropinquari&
884 1293 1074 1363 dicendum
1093 1309 1155 1367 est.
1425 1291 1527 1363 Clam
1544 1317 1601 1363 me
1618 1294 1772 1364 soluturi
1788 1293 1936 1384 fugient.

341 1395 385 1470 15
418 1401 515 1472 Olor.
545 1396 679 1489 Vigiles
703 1395 887 1468 exercitus.
963 1401 1059 1468 Hert.
1098 1399 1194 1492 Quid
1217 1401 1322 1471 affers
1374 1391 1423 1466 55
1445 1393 1637 1466 Blanditur
1653 1392 1743 1465 mihi
1757 1408 1932 1466 nocturna
1949 1395 2109 1466 incensio
2123 1396 2239 1486 ignium.
2282 1444 2285 1453 ·

748 1511 821 1568 tam
840 1499 1083 1570 turbulenter?
1423 1497 1458 1568 Ο
1473 1497 1553 1582 Dii,
1577 1497 1640 1596 qni
1654 1523 1711 1569 me
1726 1501 1926 1568 vincentem
1945 1499 2135 1570 fraudastis

386 1607 486 1678 Olor.
502 1601 606 1672 Bono
622 1602 669 1673 sis
684 1602 819 1672 animo.
855 1607 951 1674 Heet.
968 1604 1168 1674 Sambono
1187 1605 1320 1677 animo.
1424 1601 1583 1673 Leonem
1608 1605 1761 1696 praeda,
1796 1601 2009 1697 priusquam
2036 1601 2288 1674 exercitandar-

665 1705 760 1776 Num
775 1705 904 1800 aliquis
922 1707 1024 1777 dolus
1041 1723 1091 1778 est
1107 1733 1125 1778 e
1142 1710 1321 1781 tenebris?
1781 1731 1906 1774 corum

389 1813 487 1883 chor.
510 1807 605 1879 Non.
1423 1805 1575 1878 Prorsus
1593 1811 1876 1901 consumpserim
1893 1803 1961 1878 hac
1979 1805 2095 1880 hasta.

387 1917 467 1982 lieo.
491 1909 564 1980 Cur
577 1921 615 1978 tu
632 1907 837 2004 relinquens
855 1911 1032 1982 custodias
1347 1959 1351 2010 Ι
1425 1908 1462 1978 8ἰ
1481 1910 1576 1978 enim
1595 1910 1734 1981 lucidae
1747 1935 1822 1980 non
1838 1911 2099 1983 continuissent
2115 1935 2165 1979 me
2176 1909 2234 1979 solis

387 2015 529 2085 'furhas
547 2011 759 2096 exereitum,
782 2013 850 2083 uisi
867 2008 976 2085 habes
992 2015 1149 2110 aliquam
1200 2076 1204 2082 .
1346 2013 1351 2103 ἶ
1374 2011 1424 2081 60
1446 2011 1652 2098 Flammae,
1672 2039 1746 2084 non
1764 2010 2002 2084 cohibuissem
2019 2015 2153 2086 felicem
2169 2033 2283 2103 pugnau.

337 2121 387 2193 20
408 2117 631 2190 Nocturnum
648 2115 936 2186 nuntiationem?
954 2141 1027 2188 non
1044 2120 1110 2190 scis
1129 2120 1319 2192 exercitum
1347 2108 1350 2148 ³
1423 2113 1640 2212 Priusquam
1658 2140 1767 2188 naves
1791 2117 2052 2202 intendissem,
2076 2131 2111 2189 et
2130 2113 2298 2186 cucurrissent

387 2221 542 2312 Propter
560 2216 753 2310 Argivum,
777 2231 992 2292 nocturnum
1011 2245 1088 2294 nos.
1124 2278 1129 2288 .
1784 2243 1849 2313 per
1864 2221 2110 2306 tabernacula,

389 2321 513 2396 Cubile
530 2315 664 2390 habere
681 2320 870 2392 inarmis?
1113 2387 1116 2394 ,
1425 2319 1643 2394 lnterhciens
1657 2321 1814 2394 Graecos
1829 2317 1896 2393 hac
1913 2338 2065 2395 cruenta
2082 2345 2195 2393 mano.
2305 2363 2307 2438 q

388 2427 487 2500 Olor.
511 2421 622 2494 Arma
639 2421 768 2508 socios,
1424 2423 1500 2517 Ego
1517 2427 1662 2520 quidem
1679 2447 1777 2496 eram
1792 2440 1982 2520 promptus
1997 2449 2158 2522 pugnare
2307 2466 2308 2520 q

383 2527 485 2600 Vade
502 2529 549 2599 ad
564 2525 693 2598 cubilia
710 2527 876 2602 aliorum.
1425 2525 1545 2598 Etiam
1563 2544 1691 2613 noctu,
1717 2544 1752 2600 et
1767 2530 1820 2601 uti
1834 2531 1992 2601 secundo
2008 2531 2147 2624 impetu
2160 2523 2232 2602 neb
2308 2554 2309 2580 ¹

334 2629 384 2708 26
408 2627 553 2726 lm'pelle
570 2627 728 2718 hastam,
753 2631 884 2717 levare,
904 2631 1015 2702 excita
1033 2657 1051 2700 a
1069 2653 1210 2716 somno,
1375 2625 1424 2702 65
1448 2629 1582 2702 Verum
1600 2633 1777 2726 sapientes
1794 2657 1851 2703 me
1870 2647 1905 2702 et
1919 2633 2047 2705 divina
2063 2633 2204 2706 scientes
2309 2640 2310 2662 ¹

387 2735 490 2806 Mitte
508 2735 660 2820 amicos,
687 2750 726 2808 ut
742 2738 889 2806 veniant
906 2737 942 2805 iu
957 2749 1055 2806 trram
1075 2731 1271 2820 cohortem,
1307 2752 1309 2761 ·
1424 2731 1533 2808 Vates
1548 2751 1802 2830 persuascnmt
1816 2733 2006 2829 expectare
2027 2734 2150 2809 iumen
2167 2729 2237 2812 diei,
2310 2741 2312 2820 ᾗ

385 2837 524 2912 induite
543 2839 642 2936 equis
657 2841 789 2910 frenos.
1423 2837 1470 2913 Et
1490 2837 1618 2909 deinde
1640 2840 1822 2910 neminem
1842 2839 2068 2914 Graecorum
2092 2841 2129 2910 iu
2149 2852 2230 2908 terra
2243 2827 2309 2899 relin-

386 2945 476 3042 Quis
492 2945 591 3016 vadit
609 2945 653 3014 ad
669 2937 985 3034 PanthoedamQ?
1003 2954 1064 3011 aut
1080 2943 1125 3011 ad
1789 2967 1910 3038 quere.

384 3047 519 3122 Ducem
537 3045 791 3145 Lyciorum7),
813 3046 876 3143 qui
892 3069 934 3116 ex
947 3043 1094 3138 Europa
1110 3051 1215 3118 natus
1233 3047 1308 3119 est?
1421 3041 1483 3116 lsti
1498 3069 1584 3115 vero
1601 3067 1676 3114 non
1693 3059 1879 3138 expectant
1893 3071 2061 3118 meorum
2079 3057 2198 3116 vatum

335 3156 386 3226 80
406 3151 479 3225 Ubi
497 3165 582 3226 sunt
595 3151 814 3245 inspectores
830 3147 1083 3220 victimarum?
1424 3145 1541 3219 Dicta.
1594 3145 1665 3234 „ln
1683 3163 1786 3219 nocte
1803 3149 1973 3242 fugitivus
1988 3151 2149 3230 multum
2166 3145 2253 3216 valet

385 3257 456 3328 Ubi
471 3271 555 3329 sunt
572 3255 709 3328 tribuni
723 3255 884 3349 peditum
902 3253 990 3324 levis
1005 3251 1235 3323 armaturae?
1374 3251 1424 3322 70
1453 3249 1574 3346 Quare
1602 3275 1709 3347 quam
1737 3253 1895 3344 primum
1920 3267 2070 3346 oportet
2093 3254 2238 3324 indicere
2254 3257 2314 3311 eret·

386 3360 457 3430 Ubi
473 3359 647 3452 sagittarii
662 3354 872 3452 Phrygum?
1781 3356 1880 3440 citui,

387 3461 524 3552 lungite
539 3473 709 3532 cornutos
725 3483 827 3530 arcus
842 3456 973 3526 nervis.
1290 3464 1293 3475 ⁴
1327 3480 1332 3491 “
1428 3453 1480 3526 Ut
1493 3470 1638 3526 sumant
1654 3482 1776 3541 arma,
1797 3472 1832 3528 et
1849 3471 1987 3530 cessent
2003 3483 2025 3529 a
2041 3485 2188 3542 somno,

385 3567 481 3636 aaa.
503 3561 643 3632 Partim
659 3561 804 3634 nuntias
817 3559 989 3630 terribilia
1008 3560 1145 3644 auditu,
1423 3561 1475 3635 Ut
1492 3560 1621 3653 uliquis
1635 3557 1791 3632 hostium
1809 3561 1848 3630 in
1862 3585 1991 3632 navem
2011 3561 2190 3646 insiliens,

337 3663 387 3741 35
410 3665 549 3738 Partim
564 3665 703 3736 animas
719 3690 796 3750 me,
817 3659 908 3732 nihil
922 3675 1043 3735 tamen
1060 3663 1206 3759 liquide.
1424 3660 1464 3732 ln
1479 3676 1578 3755 tergo
1594 3663 1767 3735 laceratus
1781 3665 1994 3739 madefaciat
2011 3669 2130 3740 scalas
2145 3657 2296 3756 sanguim·

386 3769 483 3843 Num
499 3767 659 3840 Saturnii
674 3768 784 3840 Panis
797 3765 952 3842 tremulo
1026 3819 1029 3827 «
1422 3765 1496 3836 Alii
1509 3765 1548 3834 in
1562 3767 1698 3862 laqueis
1714 3766 1824 3838 vincti
1839 3781 1875 3842 et
1890 3769 1985 3859 capti

385 3873 545 3966 Flagello
561 3867 886 3968 perterrefactus⁸)‚
900 3870 1066 3943 deserens
1084 3866 1260 3951 excubias,
1373 3864 1423 3939 75
1444 3865 1630 3964 Phrygum
1645 3895 1749 3963 agros
1766 3871 1905 3954 discant
1919 3891 2039 3943 arare.
2301 3953 2314 3968 Γ

385 3977 579 4048 Perturbas
603 3973 822 4046 exercitum?
857 3971 943 4068 quid
966 3970 1149 4064 trepidas?
1177 3972 1264 4065 quid
1289 3984 1322 4042 te
1425 3975 1523 4046 Olor.
1548 3971 1699 4059 Hector,
1715 3997 1907 4066 properas,
1923 3974 2141 4070 priusquam
2158 3972 2314 4054 seiano<

742 4078 857 4150 dicam
1775 4091 1936 4173 „affutura

382 4182 478 4255 Novi
493 4181 686 4253 nuntiare?
702 4183 812 4254 multa
830 4179 927 4250 enim
941 4199 1023 4252 cerm
1037 4178 1141 4262 dds,
1424 4179 1554 4248 Utrum
1570 4177 1699 4248 Graeci
1716 4177 1874 4270 fugiant,
1887 4181 2057 4251 noudum
2073 4181 2210 4277 liquide
2224 4171 2314 4246 scimur

333 4287 382 4360 40
402 4281 502 4360 Nihil
518 4300 638 4356 tamen
657 4285 751 4356 clare
766 4283 935 4356 ostendis.
1423 4285 1518 4354 fleu.
1540 4281 1695 4373 Propter
1719 4305 1827 4376 quam
1853 4283 1961 4352 aliam
1986 4307 2140 4356 causam
2165 4275 2314 4352 incendert

385 4393 482 4464 (Μ.
503 4387 616 4460 Lucet
630 4388 771 4480 ignibus
788 4386 962 4458 exercitus
977 4379 1132 4474 Argivus
1784 4398 1980 4456 nocturnos
1996 4385 2105 4478 ignes
2122 4369 2302 4458 exercitus?

383 4491 453 4561 Per
467 4503 579 4560 totam
597 4504 753 4576 noctem,
1119 4579 1123 4586 ⁸
1424 4487 1522 4558 litor.
1549 4484 1695 4566 Nescio;
1711 4482 1800 4556 mihi
1818 4501 1938 4558 tamen
1954 4513 2012 4560 res
2028 4503 2197 4584 suspecta
2214 4495 2269 4554 est

382 4591 430 4664 Et
443 4593 590 4664 navium
610 4593 783 4666 stationes
798 4593 927 4662 ardent
942 4585 1126 4672 divinitus,
1372 4590 1421 4660 80
1447 4593 1542 4660 Hert.
1564 4589 1601 4658 si
1617 4585 1685 4663 hoc
1701 4589 1821 4676 times,
1843 4593 1965 4664 omnia
1984 4591 2110 4666 times.

381 4693 429 4766 Et
444 4707 539 4766 totus
554 4697 726 4768 exercitos
747 4694 883 4766 accedit
898 4693 944 4762 ad
959 4685 1241 4782 Agamemnonis
1422 4693 1520 4765 Olor.
1544 4691 1715 4763 Nondum
1737 4706 1845 4764 antea
1860 4689 1981 4768 hostes
1997 4697 2259 4770 succenderunt
2278 4697 2314 4752 tat

332 4793 382 4870 45
406 4797 694 4868 'sabernaculum
710 4811 820 4868 noctu
834 4821 915 4866 cum
933 4791 1102 4874 tumultu,
1778 4809 1854 4867 tum
1869 4798 2001 4890 ignem.

336 4975 540 4992 ......-..
1418 4900 1514 4968 ΗΜ.
1540 4894 1660 4966 Etiam
1683 4921 1871 4994 nunquam
1893 4917 1977 4973 ante
2003 4913 2083 4972 tam
2110 4901 2258 4996 turpiter
2273 4887 2314 4956 vit

362 5066 393 5134 s)
412 5067 613 5128 renatorum]
632 5064 694 5116 autc
712 5061 814 5114 nomana
832 5061 1060 5118 centaureae..
1079 5057 1315 5120 emerserunt
1668 5103 1676 5118 ,
1779 5016 1874 5076 ⁸⁰⁰²·
2189 5105 2199 5122 ‚

397 5141 443 5186 aaa
460 5137 527 5186 noo
543 5147 646 5200 aare:
664 5133 780 5186 ennean
798 5129 861 5198 [na.
876 5131 951 5182 rasa.
968 5125 1097 5194 maner]
1114 5129 1198 5182 orrum
1218 5129 1242 5180 ι.
1255 5127 1313 5176 ru·
1417 5101 1515 5174 aar.
1542 5099 1621 5172 Tua
1641 5115 1772 5174 virtute
1795 5101 1864 5175 boc
1888 5119 2028 5200 gestum
2052 5121 2129 5192 est,
2152 5119 2254 5176 mam
2273 5091 2314 5164 rel

393 5207 530 5272 Wlffl-
1771 5231 1841 5301 qua
1859 5211 2016 5282 consule.

360 5285 691 5426 ’qmflmlotbml
710 5289 735 5342 l«
753 5285 774 5340 ¹·
798 5287 826 5338 ¹¹¹
845 5285 909 5340 ¹¹⁸⁶·
927 5281 1010 5337 Ulli·
1031 5285 1096 5334 '¹⁰³⁸
1113 5293 1215 5344 ”W
1234 5281 1312 5346 μ’·
1412 5309 1507 5377 Hect.
1547 5305 1735 5400 „Simplex
1761 5311 1877 5380 oratio
1911 5325 1963 5384 est
1987 5325 2118 5384 contra
2147 5308 2261 5382 basto
2291 5321 2314 5368 ²¹

358 5438 390 5504 a)
409 5446 446 5502 tt.
463 5445 480 5496 Ι.
500 5445 527 5495 lu
544 5442 595 5496 Ed.
616 5441 692 5494 ΝΘ.
711 5445 778 5492 noto
794 5453 899 5506 norw
917 5437 1036 5490 Pontou·
1053 5439 1157 5494 terror.
1365 5431 1369 5440 ’
1702 5497 1708 5508 ·
1771 5435 1870 5484 mare
1886 5439 2027 5488 manut-
