4746 6106
259 233 310 312 u
842 227 966 306 rur..
999 227 1115 306 rus.
1148 229 1353 310 smirci
1386 229 1729 308 rnuosocreu
2255 235 2308 314 se
2367 173 2368 176 Ὺ

259 433 347 494 nas,
372 403 555 500 sanguinis
580 405 808 498 eruptiones,
840 407 987 478 morbos
1010 420 1152 492 acutos,
1177 407 1256 478 vio·
1307 417 1407 476 tanta
1426 419 1480 478 cst
1497 407 1673 489 varietas,
1708 403 1798 476 haec
1819 405 2061 478 consideratio
2085 409 2312 500 singularum

260 513 379 584 lentos
401 509 567 580 interitus
590 509 780 592 iuvenum,
822 509 1051 593 violentiam,
1093 511 1263 595 iniurias,
1306 503 1553 580 mathematici
1569 509 1756 601 sagacitati
1770 523 1806 580 ει
1819 511 2033 602 prudentiae
2048 513 2287 606 relinquatur.

261 615 448 698 incendia,
490 609 705 696 homicidia,
744 609 908 704 rapinas,
949 613 1151 686 latrocinia.
1213 611 1254 682 ln
1408 613 1479 683 Sed
1497 607 1587 682 haec
1611 613 1804 705 diligenter
1828 615 2117 698 observabimus,
2148 639 2240 710 quae
2262 617 2317 687 sit

263 741 346 790 aere
367 739 454 786 vero
481 729 619 800 aestus,
659 729 784 786 ventos
809 717 963 802 calidos,
1004 717 1193 809 pestiferos
1221 729 1257 786 et
1306 714 1491 786 stellarum
1535 719 1680 786 eventui
1715 716 1982 788 dominantium
2016 717 2240 789 familiaritas
2275 733 2317 788 et

261 821 444 904 tabificos,
479 817 669 890 fulminum
691 818 944 906 iaculationes‚
977 820 1158 905 turbines,
1190 819 1257 890 sic·
1307 819 1475 908 cognatio
1501 841 1583 888 cum
1606 817 1676 890 illis
1698 821 1905 912 regionibus
1928 820 2139 906 urbibusve,
2178 821 2318 916 quibus

262 923 400 994 citates.
450 917 491 992 ln
508 922 601 992 mari
617 943 724 1006 vero,
760 923 877 992 subita
899 923 1086 1014 naufragia
1107 935 1256 1016 propter
1307 935 1456 994 eventus
1475 921 1678 993 imminent.
1734 921 1878 993 Etenim
1900 924 2078 992 beneficae
2100 925 2240 1008 stellae,
2275 938 2318 994 et

261 1027 369 1096 flatus
384 1024 625 1108 turbulentos,
652 1037 686 1094 ει
700 1023 872 1110 fulmina,
908 1039 943 1096 et
966 1025 1099 1097 similes
1122 1050 1256 1098 causas.
1306 1023 1395 1094 loris
1413 1025 1559 1094 eventui
1581 1025 1747 1097 obnoxiis
1774 1023 1988 1117 cognatione
2010 1026 2130 1120 aliqua
2154 1027 2316 1111 iunctae,

261 1125 305 1200 ln
319 1127 529 1200 fluminibus
545 1151 630 1198 vero
648 1151 760 1222 aquas
775 1129 949 1214 exsorbet,
976 1133 1092 1200 fontes
1104 1131 1258 1200 desiccat
1308 1125 1339 1196 si
1355 1149 1431 1196 non
1448 1141 1664 1220 superentur
1687 1129 1732 1196 ab
1759 1130 1839 1200 aliis
1863 1128 2065 1198 contrariae
2090 1142 2205 1200 sectae
2226 1132 2318 1200 stel-

263 1225 475 1326 etlympbas
489 1231 707 1323 corrumpit,
733 1232 913 1302 frumenta
940 1245 975 1302 et
996 1255 1053 1304 res
1073 1243 1169 1304 terra
1193 1255 1258 1302 na·
1307 1229 1372 1314 lis,
1413 1231 1591 1302 efficacius
1621 1225 1710 1314 boc,
1754 1235 1852 1324 quod
1880 1231 2117 1324 pollicentur,
2157 1245 2315 1304 naturae

263 1347 400 1408 scentes
413 1333 594 1418 diminuit,
621 1335 728 1440 etvel
743 1339 893 1428 propt'er
910 1349 1038 1420 aestus,
1065 1349 1257 1432 antequem
1308 1355 1394 1402 suae
1409 1333 1574 1403 bonitate
1594 1333 1798 1405 absolvunt.
1855 1335 1895 1404 Si
1915 1335 2014 1404 nulla
2036 1333 2233 1406 intercedat
2258 1337 2313 1406 eis

263 1432 504 1522 invehuntur,
530 1437 587 1506 vel
602 1436 760 1508 invectas
773 1438 947 1510 incendiis
959 1438 1089 1532 perdit.

365 1571 487 1644 Venus
503 1598 583 1644 cum
597 1573 673 1643 sola
690 1573 911 1661 dominatur,
934 1575 1147 1666 generaliter
1161 1571 1259 1644 simi-

263 1671 312 1744 lia
324 1671 402 1744 lovi
421 1675 527 1746 efficit
543 1701 624 1746 cum
641 1689 827 1748 venustate
842 1681 1010 1773 quadam.
1062 1675 1259 1748 Peculiari-

264 1789 320 1846 ter
342 1801 428 1848 vero
447 1773 655 1849 bominibus
673 1781 845 1872 gloriam,
873 1777 1048 1866 honores,
1071 1778 1259 1863 laetitiam,

262 1881 463 1952 ubertatem
490 1905 689 1966 annorum,
716 1883 856 1976 placida
879 1883 1064 1976 coniugia,
1089 1905 1260 1952 numero·

264 2007 340 2054 sam
363 1983 545 2069 sobolem,
584 1986 736 2077 gratiam
759 1985 797 2054 in
819 1987 983 2058 amicitiis
1006 1999 1042 2056 et
1063 1983 1260 2076 congressi·

263 2086 351 2170 bus,
374 2087 594 2158 incrementa
609 2089 839 2174 facultatum,
865 2091 1079 2162 munditiem
1098 2089 1136 2157 in
1151 2088 1260 2172 victu,

265 2188 482 2274 comitatem,
507 2191 743 2261 reverentiam
760 2191 973 2284 religionum
989 2193 1133 2272 tribuit;
1158 2213 1261 2282 prae-

263 2303 361 2362 terea
397 2305 432 2362 et
464 2293 600 2364 bonum
632 2290 793 2365 habiturn
827 2297 1007 2389 corporis,
1047 2309 1083 2366 et
1108 2291 1262 2364 familia-

264 2396 409 2468 ritatem
427 2421 505 2466 cum
523 2397 757 2490 principibus.
816 2396 857 2467 ln
882 2423 963 2468 aere
985 2423 1093 2482 vero,
1126 2409 1262 2488 tempe·

263 2511 363 2570 ratos
391 2511 538 2584 ventos,
576 2497 746 2570 humidas
768 2513 803 2570 ει
823 2503 1017 2572 foecundas
1038 2499 1263 2570 constitutio·

263 2625 347 2688 nes,
372 2603 506 2672 bonam
525 2615 773 2694 tempestatem
793 2615 828 2671 et
843 2603 1092 2688 serenitatem,
1116 2604 1263 2672 foecun-

264 2707 330 2776 dos
345 2705 496 2788 imbres,
522 2705 771 2796 navigationes
791 2705 909 2777 felices
935 2719 970 2776 ει
993 2707 1170 2788 lucrosas‚
1196 2705 1263 2774 flu·

262 2809 403 2878 aninum
432 2807 711 2892 exundationes,
752 2810 894 2900 copiam
924 2811 1189 2894 iumentorum,
1228 2819 1263 2877 et

262 2913 444 2981 fructuum
461 2923 578 2980 terrac
593 2909 866 2984 abundantiam.

367 3047 568 3122 Mercurius
585 3075 667 3122 cum
681 3051 780 3124 solus
794 3049 1023 3132 dominatur,
1049 3047 1264 3140 generaliter

264 3152 360 3224 illius
374 3154 502 3224 stellae
529 3167 680 3226 naturae
702 3179 740 3226 se
762 3155 1030 3236 accommodat,
1065 3152 1122 3222 cui
1147 3151 1262 3244 iungi-

263 3269 341 3338 tur;
367 3258 426 3328 sed
445 3257 574 3330 celeres
589 3271 709 3330 motus
723 3258 917 3350 significat;
952 3257 991 3326 in
1012 3252 1181 3328 humanis
1200 3279 1263 3327 ne-

265 3359 394 3452 gotiis,
417 3361 655 3445 celeritatem,
687 3362 901 3430 industriam
920 3373 956 3430 et
969 3361 1200 3428 calliditatem
1216 3359 1262 3428 ad

266 3485 327 3546 ea,
362 3486 454 3558 quae
477 3465 611 3554 agenda
636 3475 732 3534 sunt.
789 3461 983 3534 insidiator
999 3462 1038 3530 in
1051 3461 1262 3545 latrociniis,

264 3563 388 3650 furtis,
427 3577 463 3634 et
492 3565 530 3634 in
562 3565 732 3656 piratica,
769 3567 854 3636 farcit
884 3565 1044 3636 difficiles
1072 3559 1263 3650 anhelitus,

264 3667 407 3740 iunctus
423 3669 611 3752 maleficis,
644 3681 680 3740 et
699 3670 846 3740 morbos
867 3669 998 3752 siccos,
1028 3680 1063 3738 ει
1084 3667 1264 3762 quotidia-

263 3796 330 3842 nas
351 3771 486 3856 febres,
513 3785 645 3858 tusses,
671 3768 937 3856 anhelationes,
962 3771 1081 3840 urbem
1099 3784 1134 3840 et
1148 3783 1264 3842 muta-

265 3875 380 3946 tiones
396 3874 434 3944 in
452 3875 706 3959 caeremoniis,
733 3877 999 3970 religionibus,
1013 3875 1187 3946 reditibus
1209 3898 1264 3942 re-

266 3979 352 4069 giis,
384 3979 555 4050 institutis
574 3991 610 4047 et
628 3979 784 4072 legibus,
814 3980 912 4050 iuxta
936 3991 1103 4050 naturam
1129 3979 1264 4062 stellae,

267 4079 324 4150 cui
342 4079 513 4174 iungitur.
565 4077 606 4150 ln
624 4107 726 4166 aere,
753 4109 832 4154 cum
850 4085 896 4156 sit
912 4083 1024 4154 siccus
1042 4095 1077 4151 et
1091 4082 1204 4164 celer,
1229 4093 1265 4150 et

267 4181 359 4252 circa
385 4183 503 4254 Solem
526 4209 641 4283 prope
664 4187 852 4270 volvatur,
886 4199 1012 4258 ventos
1038 4185 1105 4256 ciet
1128 4184 1264 4256 inordi-

265 4298 391 4370 natos,
424 4288 573 4372 celeres,
604 4289 723 4360 subito
749 4289 958 4374 mutabiles,
991 4287 1170 4372 tonitrua,
1196 4289 1264 4358 ful·

1309 1437 1496 1527 cognatio,
1535 1450 1598 1506 aut
1628 1449 1844 1528 superentur
1871 1438 1917 1506 ab
1947 1437 2162 1508 adversariis
2187 1437 2313 1522 stellis,

1308 1539 1429 1608 minus
1444 1551 1608 1631 prosunt.
1656 1536 1707 1607 lta
1725 1539 1855 1608 nouae
1869 1540 1990 1610 stellae
2008 1539 2208 1610 dominium
2225 1565 2313 1610 con-

1309 1655 1504 1736 sequutac,
1543 1641 1573 1711 si
1599 1653 1635 1710 et
1656 1642 1746 1712 locis
1770 1642 1914 1712 eventui
1938 1643 2103 1713 obnoxiis
2123 1669 2313 1715 consense-

1309 1743 1403 1827 rint,
1431 1733 1467 1814 et
1480 1744 1683 1814 contrariae
1698 1756 1815 1814 sectae
1828 1745 1938 1816 stellis
1952 1747 2218 1830 succubuerint,
2239 1747 2310 1816 mi-

1310 1871 1378 1916 nus
1393 1847 1553 1917 laedunt.
1605 1847 1745 1916 sivero
1766 1871 1832 1916 nec
1856 1849 2063 1940 regionibus
2085 1849 2180 1940 ipsae
2203 1875 2307 1940 prae·

1310 1947 1462 2032 fuerint,
1487 1973 1553 2018 nec
1576 1949 1772 2041 impeditae
1794 1952 1931 2021 fuerint
1951 1953 1996 2020 ab
2019 1951 2114 2033 aliis,
2147 1976 2301 2044 quarum

1311 2050 1350 2119 in
1392 2051 1558 2142 regiones
1591 2052 1798 2144 significatis
1830 2055 2015 2124 eventibus
2046 2053 2213 2125 subiectas
2244 2053 2300 2122 ius

1313 2155 1496 2247 quoddam
1524 2167 1594 2237 est,
1634 2178 1675 2224 ac
1698 2156 1922 2239 dominium,
1963 2169 2040 2226 tum
2064 2143 2322 2226 vehementius*

1312 2281 1398 2326 suae
1412 2257 1677 2328 constitutionis
1693 2271 1826 2348 pestem
1845 2260 2024 2351 infligunt.

1351 2353 1355 2362 ’
1415 2360 1467 2429 Ut
1482 2361 1678 2452 plurimum
1696 2373 1815 2430 autem
1838 2363 2101 2434 universalibus
2122 2361 2225 2430 malis
2244 2383 2306 2451 po-

1313 2459 1490 2532 tissimum
1525 2464 1771 2556 corripiuntur
1797 2463 1842 2548 ii,
1882 2465 1920 2534 in
1951 2491 2106 2559 quorum
2138 2463 2310 2555 genituris

1314 2565 1505 2658 praecipua
1522 2567 1614 2650 loca,
1636 2589 1767 2658 nempe
1782 2567 1959 2636 luminum
1977 2581 2012 2637 et
2027 2569 2226 2649 cardinum,
2251 2589 2313 2636 ea-

1314 2669 1495 2740 demsnnt
1511 2669 1698 2752 cumillis,
1724 2693 1745 2736 a
1768 2671 1898 2763 quibus
1923 2671 2179 2742 universalium
2205 2693 2314 2738 even·

1314 2783 1416 2840 tuum
1435 2795 1561 2843 causae
1576 2771 1862 2864 proficiscuntur,
1888 2774 2007 2858 idest,
2029 2773 2198 2866 eclipticis
2213 2773 2315 2864 ipsis,

1315 2871 1447 2946 antbis
1465 2877 1651 2969 oppositis.
1703 2876 1772 2946 Sed
1795 2875 2036 2968 periculosum
2058 2875 2241 2969 inprimis,
2277 2889 2317 2944 et

1314 2977 1521 3048 inevitabile
1537 2993 1608 3064 est,
1633 2979 1665 3050 si
1679 2979 1777 3071 ipsae
1791 2979 2036 3072 eclipticorum
2052 2982 2214 3050 locorum
2228 3003 2315 3072 par-

1315 3093 1387 3166 tes,
1412 3095 1475 3152 aut
1493 3084 1701 3175 oppositae,
1728 3083 1951 3153 conciderint
1964 3107 2044 3154 curn
2069 3083 2236 3176 gradibus
2261 3081 2314 3150 al-

1314 3185 1485 3256 terutrius
1500 3187 1699 3271 luminum,
1726 3211 1818 3280 quos
1835 3187 2021 3277 geniturae
2046 3199 2208 3278 tempore
2230 3209 2315 3278 pos·

1315 3290 1498 3362 sederunt.
1573 3291 1581 3302 '

1380 3459 1436 3527 De
1460 3453 1626 3524 drasam
1651 3456 1689 3524 in
1714 3453 1913 3542 eclipsibus,
1945 3454 2082 3524 cometis
2105 3459 2138 3520 et
2163 3451 2245 3520 aliis

1708 3557 1911 3628 tutusmoctt.

1416 3690 1644 3762 observandi
1661 3693 1799 3762 suntin
1822 3689 2082 3762 universalibus
2107 3686 2314 3757 considera·

1315 3792 1472 3864 tionibus
1488 3794 1629 3866 colores
1642 3795 1680 3864 in
1698 3795 1883 3889 deliquiis,
1917 3819 1998 3862 cum
2023 3793 2184 3885 ipsorum
2207 3788 2314 3857 lumi·

1314 3921 1425 3980 num,
1452 3912 1528 3968 tum
1545 3923 1691 3981 cortun,
1718 3899 1782 3991 qui
1801 3898 1897 3966 iuxta
1914 3899 2005 3966 liunt
2018 3893 2238 3976 etexistuut:
2271 3901 2316 3959 ut

1315 4001 1517 4090 virgarum,
1544 4025 1730 4084 arearum,
1751 4013 1892 4094 atquae
1907 4000 1977 4068 alia
1994 4011 2077 4067 sunt
2094 3993 2315 4065 huiusmodi.

1315 4103 1354 4174 Si
1369 4105 1465 4172 enim
1484 4104 1585 4192 nigra
1604 4103 1853 4194 apparuerint,
1867 4115 1930 4171 aut
1943 4100 2133 4182 sublivida,
2150 4122 2204 4180 ea,
2219 4119 2313 4188 quae

1314 4207 1360 4276 de
1384 4205 1531 4276 Saturni
1554 4219 1685 4274 natura
1713 4205 1960 4296 exposuimus,
1998 4203 2208 4292 significant.
2273 4199 2314 4266 Si

1316 4309 1467 4378 eandida
1485 4309 1559 4378 visa
1575 4309 1729 4390 fuerint,
1755 4307 1868 4386 lovis3
1901 4307 1932 4377 si
1949 4307 2076 4388 rutila,
2103 4303 2246 4382 Martis;
2281 4301 2314 4370 si

266 4387 388 4472 mima
413 4383 553 4472 hlfstu‘v
585 4405 702 4462 ¹3¹³ss
723 4405 843 4464 ¹¹¹⁰l¹¹⁸
867 4405 902 4462 ²²
925 4393 1078 4484 ΜΕΝ·
1137 4391 1185 4460 El
1207 4385 1264 4462 ¹¹5⁵
1315 4412 1429 4494 flava,
1455 4410 1624 4490 Veneris;
1659 4410 1690 4480 si
1706 4412 1826 4496 varia,
1852 4409 2024 4480 Mercurii
2038 4421 2192 4476 naturae
2207 4427 2316 4474 even-

267 4491 381 4562 causis
397 4491 574 4564 interdum
593 4495 744 4568 exitialis
766 4508 818 4568 est
840 4495 1085 4568 animantibus
1108 4507 1143 4564 ει
1162 4493 1264 4585 plan·
1317 4528 1373 4584 m,
1397 4515 1678 4605 regpondebum,
1744 4514 1852 4607 Quod
1874 4514 1999 4582 ,51022
2022 4511 2200 4580 luminum
2233 4531 2315 4576 cor.

267 4593 324 4666 ῑῙῡ·
361 4591 776 4682 (Ῑΰῠιθδῑῡῦθῑᾶθῦῑῢιῖθι
802 4598 1156 4676 dlffllssullflumlffli
1181 4621 1263 4666 cum
1316 4639 1427 4709 pora,
1454 4627 1517 4686 aut
1531 4627 1643 4684 totam
1660 4616 1815 4686 vicinum
1832 4615 2112 4708 circumquaque
2127 4611 2313 4701 regionem

267 4709 320 4772 ²⁸2
337 4697 540 4784 ⁰¹lffll³¹l³2
565 4713 682 4792 ³⁰8⁰ss
1316 4717 1449 4790 coloris
1469 4718 1670 4812 proprietas
1694 4719 1898 4809 occuparit,
1937 4715 2100 4807 pluribus
2122 4713 2315 4805 regionum

370 4831 471 4902 Talis
487 4843 558 4914 est,
584 4845 625 4902 ut
644 4833 737 4916 diri,
764 4847 892 4906 natura
911 4834 1081 4926 cuiusque
1098 4831 1264 4923 planetae
1315 4823 1478 4915 partibus
1493 4821 1710 4912 significata,
1737 4821 1920 4911 eclipsium
1944 4831 2116 4888 eventura
2139 4815 2315 4886 decernit.

267 4959 333 5028 per
346 4959 441 5014 sese;
461 4935 523 5006 sed
537 4933 639 5004 mixti
653 4936 744 5020 eliis,
759 4961 826 5028 pro
843 4937 1016 5006 varietate
1031 4937 1263 5026 adspectuum
1286 4911 1291 4992 l
1314 4925 1380 4996 Sin
1394 4948 1641 5019 quacunque&
1658 4937 1758 5014 parte
1774 4923 1984 5004 tomlilerlls
2006 4921 2070 5004 llll,
2091 4921 2129 4988 fn
2145 4945 2254 5014 quam
2265 4919 2316 5014 ¹¹)

268 5049 305 5106 et
326 5039 534 5130 signorum,
567 5050 603 5108 et
624 5037 744 5129 positu
765 5041 811 5108 acl
832 5039 975 5122 Solem,
1008 5037 1264 5106 convenienter
1315 5051 1354 5100 se
1369 5027 1502 5098 coloris
1517 5027 1718 5120 proprietas
1732 5026 1900 5109 inflectit,
1925 5026 2044 5094 future
2061 5023 2262 5092 denuntiat.

266 5151 410 5210 nourr
435 5142 613 5226 actiones,
652 5155 688 5210 et
711 5165 753 5212 ex
774 5141 1028 5212 commixtione
1049 5153 1263 5210 naturarum

266 5243 390 5312 variae
413 5243 602 5337 qualitates
625 5243 791 5316 erutum.
850 5242 942 5314 Cum
961 5255 1083 5314 autem
1100 5241 1292 5342 imponi-p
1349 5264 1400 5324 1η
1417 5259 1474 5327 uti,
1498 5259 1648 5341 trigone]¹
1664 5259 1708 5310 sto
1722 5258 1883 5340 scr-tntum
1901 5273 1935 5302 ε
1953 5249 2260 5342 “2¹⁸l'·¹*1‘'⁸'‘''.'⁰
2279 5251 2314 5304 sd

265 5345 426 5428 a...
459 5345 1291 5442 .÷.,.1.......m.....,..1..........·
1384 5323 1744 5462 staretstart
1761 5329 1961 5457 aaziae:
1978 5325 2316 5452 :attestatas

266 5469 374 5534 nere,
398 5461 433 5520 ει
448 5469 575 5522 omnes
595 5451 897 5541 coufigrmtiones
913 5451 1084 5534 recitare,
1109 5471 1262 5543 querum
1288 5515 1291 5522 ,
1386 5462 1551 5534 misou-
1563 5465 2001 5532 sums-trituramus„
2018 5451 2143 5526 deorse,
2161 5463 2207 5510 ver
2222 5451 2254 5512 ot
2263 5455 2316 5523 aa,
