<?xml version="1.0" encoding="UTF-8"?>
<!DOCTYPE html PUBLIC "-//W3C//DTD XHTML 1.0 Transitional//EN"
    "http://www.w3.org/TR/xhtml1/DTD/xhtml1-transitional.dtd">
<html xmlns="http://www.w3.org/1999/xhtml" xml:lang="en" lang="en">
 <head>
  <title>
</title>
<meta http-equiv="Content-Type" content="text/html;charset=utf-8" />
  <meta name='ocr-system' content='tesseract 3.04.00' />
  <meta name='ocr-capabilities' content='ocr_page ocr_carea ocr_par ocr_line ocrx_word'/>
</head>
<body>
  <div class='ocr_page' id='page_1' title='image "./operauaesupersu00melagoog/operauaesupersu00melagoog_0162.png"; bbox 0 0 4738 6090; ppageno 0'>
   <div class='ocr_carea' id='block_1_1' title="bbox 284 243 2304 334">
    <p class='ocr_par' dir='ltr' id='par_1_1' title="bbox 284 243 2304 334">
     <span class='ocr_line' id='line_1_1' title="bbox 284 243 2304 334; baseline -0.004 -4"><span class='ocrx_word' id='word_1_1' title='bbox 284 249 364 332; x_wconf 76' lang='lat'>29⁵</span> <span class='ocrx_word' id='word_1_2' title='bbox 462 328 464 334; x_wconf 81' lang='grc'><strong>,</strong></span> <span class='ocrx_word' id='word_1_3' title='bbox 839 245 998 324; x_wconf 72' lang='lat' dir='ltr'>..rum</span> <span class='ocrx_word' id='word_1_4' title='bbox 1030 245 1146 320; x_wconf 78' lang='lat' dir='ltr'>mut.</span> <span class='ocrx_word' id='word_1_5' title='bbox 1175 245 1385 320; x_wconf 77' lang='lat' dir='ltr'><strong>SCRIPTA</strong></span> <span class='ocrx_word' id='word_1_6' title='bbox 1415 243 1755 324; x_wconf 71' lang='lat' dir='ltr'>rumouuutct</span> <span class='ocrx_word' id='word_1_7' title='bbox 2244 257 2304 334; x_wconf 64' lang='grc' dir='ltr'>ωδ</span> 
     </span>
    </p>
   </div>
   <div class='ocr_carea' id='block_1_2' title="bbox 292 415 2342 5340">
    <p class='ocr_par' dir='ltr' id='par_1_2' title="bbox 292 415 2342 5340">
     <span class='ocr_line' id='line_1_2' title="bbox 292 415 2305 520; baseline 0.003 -21"><span class='ocrx_word' id='word_1_8' title='bbox 292 423 342 498; x_wconf 83' lang='grc'>15</span> <span class='ocrx_word' id='word_1_9' title='bbox 369 425 493 520; x_wconf 85' lang='lat' dir='ltr'>Neque</span> <span class='ocrx_word' id='word_1_10' title='bbox 517 419 658 496; x_wconf 81' lang='lat' dir='ltr'><strong>hastam</strong></span> <span class='ocrx_word' id='word_1_11' title='bbox 682 422 779 516; x_wconf 91' lang='lat' dir='ltr'>potis</span> <span class='ocrx_word' id='word_1_12' title='bbox 803 447 904 494; x_wconf 91' lang='lat' dir='ltr'>eram</span> <span class='ocrx_word' id='word_1_13' title='bbox 929 421 1063 516; x_wconf 89' lang='lat' dir='ltr'>puerili</span> <span class='ocrx_word' id='word_1_14' title='bbox 1083 415 1248 491; x_wconf 86' lang='lat' dir='ltr'>brachio.</span> <span class='ocrx_word' id='word_1_15' title='bbox 1393 419 1606 512; x_wconf 77' lang='lat' dir='ltr'>Corrumpit</span> <span class='ocrx_word' id='word_1_16' title='bbox 1629 419 1795 492; x_wconf 81' lang='lat' dir='ltr'><strong>Deorum</strong></span> <span class='ocrx_word' id='word_1_17' title='bbox 1818 420 1946 514; x_wconf 89' lang='lat' dir='ltr'>aliquis</span> <span class='ocrx_word' id='word_1_18' title='bbox 1972 445 1990 489; x_wconf 90' lang='lat' dir='ltr'>a</span> <span class='ocrx_word' id='word_1_19' title='bbox 2016 423 2128 515; x_wconf 84' lang='lat' dir='ltr'>priori</span> <span class='ocrx_word' id='word_1_20' title='bbox 2151 429 2305 510; x_wconf 87' lang='lat' dir='ltr'>felicitate.</span> 
     </span>
     <span class='ocr_line' id='line_1_3' title="bbox 342 521 2304 622; baseline 0.004 -22"><span class='ocrx_word' id='word_1_21' title='bbox 342 528 528 622; x_wconf 86' lang='lat' dir='ltr'>Quamdiu</span> <span class='ocrx_word' id='word_1_22' title='bbox 561 528 704 622; x_wconf 92' lang='lat' dir='ltr'>quidem</span> <span class='ocrx_word' id='word_1_23' title='bbox 728 527 838 618; x_wconf 88' lang='lat' dir='ltr'>igitur</span> <span class='ocrx_word' id='word_1_24' title='bbox 863 539 983 602; x_wconf 83' lang='lat' dir='ltr'>terrae</span> <span class='ocrx_word' id='word_1_25' title='bbox 1014 537 1110 596; x_wconf 80' lang='lat' dir='ltr'>reeta</span> <span class='ocrx_word' id='word_1_26' title='bbox 1143 525 1287 598; x_wconf 86' lang='lat' dir='ltr'>stabant</span> <span class='ocrx_word' id='word_1_27' title='bbox 1393 525 1540 597; x_wconf 76' lang='lat' dir='ltr'>Hecutu.</span> <span class='ocrx_word' id='word_1_28' title='bbox 1556 521 1851 608; x_wconf 63' lang='lat' dir='ltr'>»Ducitspdliae</span> <span class='ocrx_word' id='word_1_29' title='bbox 1875 525 2044 621; x_wconf 77' lang='lat' dir='ltr'>anum²¹)</span> <span class='ocrx_word' id='word_1_30' title='bbox 2069 533 2304 611; x_wconf 73' lang='lat' dir='ltr'>ante&#39;domum.</span> 
     </span>
     <span class='ocr_line' id='line_1_4' title="bbox 708 620 2107 725; baseline 0.003 -28"><span class='ocrx_word' id='word_1_31' title='bbox 708 629 995 725; x_wconf 89' lang='lat' dir='ltr'>propugnacula,</span> <span class='ocrx_word' id='word_1_32' title='bbox 1343 620 1392 690; x_wconf 87' lang='grc'>60</span> <span class='ocrx_word' id='word_1_33' title='bbox 1420 625 1549 696; x_wconf 90' lang='lat' dir='ltr'>Ducite</span> <span class='ocrx_word' id='word_1_34' title='bbox 1574 626 1751 722; x_wconf 73' lang='lat' dir='ltr'>erigentes</span> <span class='ocrx_word' id='word_1_35' title='bbox 1777 651 1986 697; x_wconf 90' lang='lat' dir='ltr'>conservam</span> <span class='ocrx_word' id='word_1_36' title='bbox 2010 647 2107 700; x_wconf 88' lang='lat' dir='ltr'>nunc</span> 
     </span>
     <span class='ocr_line' id='line_1_5' title="bbox 343 727 2128 830; baseline 0 -26"><span class='ocrx_word' id='word_1_37' title='bbox 343 731 550 826; x_wconf 87' lang='lat' dir='ltr'>Turresque</span> <span class='ocrx_word' id='word_1_38' title='bbox 572 731 713 802; x_wconf 78' lang='lat' dir='ltr'>illaesae</span> <span class='ocrx_word' id='word_1_39' title='bbox 736 729 920 802; x_wconf 86' lang='lat' dir='ltr'>Troianae</span> <span class='ocrx_word' id='word_1_40' title='bbox 944 739 1049 800; x_wconf 89' lang='lat' dir='ltr'>erant</span> <span class='ocrx_word' id='word_1_41' title='bbox 1075 739 1206 812; x_wconf 90' lang='lat' dir='ltr'>terrae,</span> <span class='ocrx_word' id='word_1_42' title='bbox 1363 761 1369 770; x_wconf 94' lang='lat'><em>·</em></span> <span class='ocrx_word' id='word_1_43' title='bbox 1394 727 1577 812; x_wconf 77' lang='lat' dir='ltr'>Troianae</span> <span class='ocrx_word' id='word_1_44' title='bbox 1601 729 1722 830; x_wconf 86' lang='lat' dir='ltr'>vobis,</span> <span class='ocrx_word' id='word_1_45' title='bbox 1741 741 1827 800; x_wconf 89' lang='lat' dir='ltr'>&#39;ante</span> <span class='ocrx_word' id='word_1_46' title='bbox 1851 753 1937 798; x_wconf 89' lang='lat' dir='ltr'>vero</span> <span class='ocrx_word' id='word_1_47' title='bbox 1957 731 2128 824; x_wconf 84' lang='lat' dir='ltr'>reginam.</span> 
     </span>
     <span class='ocr_line' id='line_1_6' title="bbox 341 829 1744 930; baseline -0.004 -23"><span class='ocrx_word' id='word_1_48' title='bbox 341 833 548 930; x_wconf 89' lang='lat' dir='ltr'>Hectorque</span> <span class='ocrx_word' id='word_1_49' title='bbox 577 837 688 904; x_wconf 89' lang='lat' dir='ltr'>frater</span> <span class='ocrx_word' id='word_1_50' title='bbox 721 859 821 908; x_wconf 87' lang='lat' dir='ltr'>meus</span> <span class='ocrx_word' id='word_1_51' title='bbox 851 831 1005 904; x_wconf 74' lang='lat' dir='ltr'>feliciter</span> <span class='ocrx_word' id='word_1_52' title='bbox 1034 855 1112 900; x_wconf 88' lang='lat' dir='ltr'>rem</span> <span class='ocrx_word' id='word_1_53' title='bbox 1146 829 1291 926; x_wconf 78' lang='lat' dir='ltr'>gerebat</span> <span class='ocrx_word' id='word_1_54' title='bbox 1393 831 1573 924; x_wconf 80' lang='lat' dir='ltr'>Accipite,</span> <span class='ocrx_word' id='word_1_55' title='bbox 1597 840 1744 927; x_wconf 86' lang='lat' dir='ltr'>gestate,</span> 
     </span>
     <span class='ocr_line' id='line_1_7' title="bbox 710 931 2064 1028; baseline 0.004 -22"><span class='ocrx_word' id='word_1_56' title='bbox 710 931 833 1008; x_wconf 88' lang='lat' dir='ltr'>hasta:</span> <span class='ocrx_word' id='word_1_57' title='bbox 1381 933 1588 1020; x_wconf 79' lang='lat' dir='ltr'>Deducite,</span> <span class='ocrx_word' id='word_1_58' title='bbox 1612 935 1765 1009; x_wconf 78' lang='lat' dir='ltr'>attollite</span> <span class='ocrx_word' id='word_1_59' title='bbox 1787 957 1908 1004; x_wconf 88' lang='lat' dir='ltr'>meum</span> <span class='ocrx_word' id='word_1_60' title='bbox 1934 959 2064 1028; x_wconf 81' lang='lat' dir='ltr'>corpus</span> 
     </span>
     <span class='ocr_line' id='line_1_8' title="bbox 294 1031 1988 1132; baseline -0.001 -18"><span class='ocrx_word' id='word_1_61' title='bbox 294 1041 346 1114; x_wconf 80' lang='lat'>20</span> <span class='ocrx_word' id='word_1_62' title='bbox 371 1039 579 1122; x_wconf 77' lang='lat' dir='ltr'>Alimentis,</span> <span class='ocrx_word' id='word_1_63' title='bbox 610 1039 711 1132; x_wconf 88' lang='lat' dir='ltr'>quasi</span> <span class='ocrx_word' id='word_1_64' title='bbox 740 1038 919 1132; x_wconf 82' lang='lat' dir='ltr'>quispiam</span> <span class='ocrx_word' id='word_1_65' title='bbox 945 1035 1127 1118; x_wconf 85' lang='lat' dir='ltr'>surculus,</span> <span class='ocrx_word' id='word_1_66' title='bbox 1158 1061 1292 1108; x_wconf 87' lang='lat' dir='ltr'>cresce·</span> <span class='ocrx_word' id='word_1_67' title='bbox 1394 1037 1507 1107; x_wconf 88' lang='lat' dir='ltr'>Senili</span> <span class='ocrx_word' id='word_1_68' title='bbox 1528 1061 1642 1108; x_wconf 80' lang='lat' dir='ltr'>manu</span> <span class='ocrx_word' id='word_1_69' title='bbox 1668 1031 1988 1130; x_wconf 81' lang='lat' dir='ltr'>apprehendentes.</span> 
     </span>
     <span class='ocr_line' id='line_1_9' title="bbox 366 1135 2028 1232; baseline -0.001 -18"><span class='ocrx_word' id='word_1_70' title='bbox 366 1199 372 1214; x_wconf 78' lang='grc'><strong><em>,</em></strong></span> <span class='ocrx_word' id='word_1_71' title='bbox 705 1143 789 1210; x_wconf 90' lang='lat' dir='ltr'>bam</span> <span class='ocrx_word' id='word_1_72' title='bbox 817 1141 954 1212; x_wconf 75' lang='lat' dir='ltr'>misen·</span> <span class='ocrx_word' id='word_1_73' title='bbox 1346 1143 1395 1219; x_wconf 80' lang='lat'>65</span> <span class='ocrx_word' id='word_1_74' title='bbox 1422 1138 1469 1209; x_wconf 87' lang='lat' dir='ltr'>Et</span> <span class='ocrx_word' id='word_1_75' title='bbox 1490 1163 1557 1232; x_wconf 87' lang='lat' dir='ltr'>ego</span> <span class='ocrx_word' id='word_1_76' title='bbox 1583 1135 1693 1211; x_wconf 83' lang='lat' dir='ltr'>curvo</span> <span class='ocrx_word' id='word_1_77' title='bbox 1719 1139 1880 1232; x_wconf 81' lang='lat' dir='ltr'>scipione</span> <span class='ocrx_word' id='word_1_78' title='bbox 1898 1163 2028 1212; x_wconf 88' lang='lat' dir='ltr'>manus</span> 
     </span>
     <span class='ocr_line' id='line_1_10' title="bbox 349 1237 2053 1335; baseline 0.001 -21"><span class='ocrx_word' id='word_1_79' title='bbox 349 1241 438 1314; x_wconf 90' lang='lat' dir='ltr'>Cum</span> <span class='ocrx_word' id='word_1_80' title='bbox 464 1267 550 1312; x_wconf 91' lang='lat' dir='ltr'>vero</span> <span class='ocrx_word' id='word_1_81' title='bbox 575 1243 708 1328; x_wconf 86' lang='lat' dir='ltr'>Troia,</span> <span class='ocrx_word' id='word_1_82' title='bbox 735 1243 976 1335; x_wconf 89' lang='lat' dir='ltr'>Hectorisque</span> <span class='ocrx_word' id='word_1_83' title='bbox 1002 1237 1111 1332; x_wconf 90' lang='lat' dir='ltr'>periit</span> <span class='ocrx_word' id='word_1_84' title='bbox 1395 1243 1557 1328; x_wconf 82' lang='lat' dir='ltr'>Annixa,</span> <span class='ocrx_word' id='word_1_85' title='bbox 1580 1243 1786 1312; x_wconf 81' lang='lat' dir='ltr'>accelerabo</span> <span class='ocrx_word' id='word_1_86' title='bbox 1809 1241 2053 1334; x_wconf 79' lang='lat' dir='ltr'>tardigradum</span> 
     </span>
     <span class='ocr_line' id='line_1_11' title="bbox 346 1343 1991 1439; baseline 0.005 -27"><span class='ocrx_word' id='word_1_87' title='bbox 346 1343 480 1412; x_wconf 86' lang='lat' dir='ltr'>Anima</span> <span class='ocrx_word' id='word_1_88' title='bbox 506 1357 541 1416; x_wconf 92' lang='lat' dir='ltr'>et</span> <span class='ocrx_word' id='word_1_89' title='bbox 561 1358 733 1439; x_wconf 92' lang='lat' dir='ltr'>paternus</span> <span class='ocrx_word' id='word_1_90' title='bbox 758 1349 858 1418; x_wconf 91' lang='lat' dir='ltr'>focus</span> <span class='ocrx_word' id='word_1_91' title='bbox 882 1367 1026 1418; x_wconf 84' lang='lat' dir='ltr'>eversus</span> <span class='ocrx_word' id='word_1_92' title='bbox 1051 1355 1116 1429; x_wconf 88' lang='lat' dir='ltr'>est,</span> <span class='ocrx_word' id='word_1_93' title='bbox 1398 1345 1561 1416; x_wconf 90' lang='lat' dir='ltr'>Gradum</span> <span class='ocrx_word' id='word_1_94' title='bbox 1584 1345 1820 1419; x_wconf 87' lang='lat' dir='ltr'>articulorum</span> <span class='ocrx_word' id='word_1_95' title='bbox 1844 1346 1991 1420; x_wconf 84' lang='lat' dir='ltr'>addens.</span> 
     </span>
     <span class='ocr_line' id='line_1_12' title="bbox 346 1443 2082 1540; baseline 0.002 -25"><span class='ocrx_word' id='word_1_96' title='bbox 346 1445 426 1540; x_wconf 90' lang='lat' dir='ltr'>Ipse</span> <span class='ocrx_word' id='word_1_97' title='bbox 451 1471 538 1518; x_wconf 86' lang='lat' dir='ltr'>vero</span> <span class='ocrx_word' id='word_1_98' title='bbox 561 1451 607 1517; x_wconf 94' lang='lat' dir='ltr'>ad</span> <span class='ocrx_word' id='word_1_99' title='bbox 631 1473 731 1520; x_wconf 89' lang='lat' dir='ltr'>aram</span> <span class='ocrx_word' id='word_1_100' title='bbox 752 1449 832 1519; x_wconf 86' lang='lat' dir='ltr'>Deo</span> <span class='ocrx_word' id='word_1_101' title='bbox 857 1445 1081 1517; x_wconf 87' lang='lat' dir='ltr'>aedificatam</span> <span class='ocrx_word' id='word_1_102' title='bbox 1105 1448 1204 1518; x_wconf 88' lang='lat' dir='ltr'>eadit</span> <span class='ocrx_word' id='word_1_103' title='bbox 1243 1474 1246 1483; x_wconf 58' lang='lat'><strong><em>⁴</em></strong></span> <span class='ocrx_word' id='word_1_104' title='bbox 1396 1445 1432 1516; x_wconf 90' lang='grc' dir='ltr'>Ο</span> <span class='ocrx_word' id='word_1_105' title='bbox 1458 1448 1579 1540; x_wconf 86' lang='lat' dir='ltr'>fulgur</span> <span class='ocrx_word' id='word_1_106' title='bbox 1599 1443 1714 1530; x_wconf 88' lang='lat' dir='ltr'>lovis,</span> <span class='ocrx_word' id='word_1_107' title='bbox 1742 1469 1763 1514; x_wconf 91' lang='lat' dir='ltr'>o</span> <span class='ocrx_word' id='word_1_108' title='bbox 1787 1448 1975 1518; x_wconf 85' lang='lat' dir='ltr'>tenebrosa</span> <span class='ocrx_word' id='word_1_109' title='bbox 1996 1473 2082 1532; x_wconf 76' lang='lat' dir='ltr'>uox,</span> 
     </span>
     <span class='ocr_line' id='line_1_13' title="bbox 345 1545 2091 1640; baseline 0.002 -22"><span class='ocrx_word' id='word_1_110' title='bbox 345 1547 526 1622; x_wconf 78' lang='lat' dir='ltr'>Mactatur</span> <span class='ocrx_word' id='word_1_111' title='bbox 547 1545 697 1624; x_wconf 85' lang='lat' dir='ltr'>Achillis</span> <span class='ocrx_word' id='word_1_112' title='bbox 723 1551 838 1624; x_wconf 79' lang='lat' dir='ltr'>a&#39;filio</span> <span class='ocrx_word' id='word_1_113' title='bbox 865 1547 1019 1622; x_wconf 85' lang='lat' dir='ltr'>crudeli:</span> <span class='ocrx_word' id='word_1_114' title='bbox 1397 1547 1494 1640; x_wconf 87' lang='lat' dir='ltr'>Quid</span> <span class='ocrx_word' id='word_1_115' title='bbox 1519 1549 1666 1620; x_wconf 91' lang='lat' dir='ltr'>tandem</span> <span class='ocrx_word' id='word_1_116' title='bbox 1690 1549 1825 1618; x_wconf 82' lang='lat' dir='ltr'>excitor</span> <span class='ocrx_word' id='word_1_117' title='bbox 1845 1551 1889 1620; x_wconf 90' lang='lat' dir='ltr'>de</span> <span class='ocrx_word' id='word_1_118' title='bbox 1912 1563 2017 1623; x_wconf 88' lang='lat' dir='ltr'>nocte</span> <span class='ocrx_word' id='word_1_119' title='bbox 2040 1551 2091 1624; x_wconf 91' lang='lat' dir='ltr'>sic</span> 
     </span>
     <span class='ocr_line' id='line_1_14' title="bbox 297 1649 2248 1746; baseline -0.002 -19"><span class='ocrx_word' id='word_1_120' title='bbox 297 1649 349 1727; x_wconf 75' lang='lat'>26</span> <span class='ocrx_word' id='word_1_121' title='bbox 374 1649 546 1723; x_wconf 84' lang='lat' dir='ltr'>interficit</span> <span class='ocrx_word' id='word_1_122' title='bbox 570 1679 628 1724; x_wconf 90' lang='lat' dir='ltr'>me</span> <span class='ocrx_word' id='word_1_123' title='bbox 650 1656 731 1725; x_wconf 90' lang='lat' dir='ltr'>auri</span> <span class='ocrx_word' id='word_1_124' title='bbox 751 1655 928 1724; x_wconf 80' lang='lat' dir='ltr'>infelicem</span> <span class='ocrx_word' id='word_1_125' title='bbox 954 1650 1070 1743; x_wconf 88' lang='lat' dir='ltr'>gratia</span> <span class='ocrx_word' id='word_1_126' title='bbox 1346 1656 1397 1729; x_wconf 87' lang='lat'>70</span> <span class='ocrx_word' id='word_1_127' title='bbox 1424 1651 1663 1734; x_wconf 86' lang='lat' dir='ltr'>Terroribus,</span> <span class='ocrx_word' id='word_1_128' title='bbox 1686 1651 1859 1746; x_wconf 78' lang='lat' dir='ltr'>spectris?</span> <span class='ocrx_word' id='word_1_129' title='bbox 1886 1675 1909 1720; x_wconf 92' lang='lat' dir='ltr'>o</span> <span class='ocrx_word' id='word_1_130' title='bbox 1933 1655 2137 1726; x_wconf 85' lang='lat' dir='ltr'>veneranda</span> <span class='ocrx_word' id='word_1_131' title='bbox 2159 1667 2248 1724; x_wconf 86' lang='lat' dir='ltr'>terra</span> 
     </span>
     <span class='ocr_line' id='line_1_15' title="bbox 302 1749 2249 1848; baseline -0.001 -18"><span class='ocrx_word' id='word_1_132' title='bbox 302 1823 308 1830; x_wconf 92' lang='lat'>.</span> <span class='ocrx_word' id='word_1_133' title='bbox 348 1753 488 1848; x_wconf 78' lang='lat' dir='ltr'>Hospes</span> <span class='ocrx_word' id='word_1_134' title='bbox 510 1757 699 1848; x_wconf 81' lang='lat' dir='ltr'>paternus;</span> <span class='ocrx_word' id='word_1_135' title='bbox 720 1771 851 1828; x_wconf 89' lang='lat' dir='ltr'>etcum</span> <span class='ocrx_word' id='word_1_136' title='bbox 876 1753 1127 1838; x_wconf 78' lang='lat' dir='ltr'>interfecisset,</span> <span class='ocrx_word' id='word_1_137' title='bbox 1150 1751 1189 1822; x_wconf 92' lang='lat' dir='ltr'>in</span> <span class='ocrx_word' id='word_1_138' title='bbox 1208 1777 1294 1846; x_wconf 88' lang='lat' dir='ltr'>pro·</span> <span class='ocrx_word' id='word_1_139' title='bbox 1396 1751 1528 1845; x_wconf 72' lang='lat' dir='ltr'>Nigrae</span> <span class='ocrx_word' id='word_1_140' title='bbox 1550 1755 1625 1826; x_wconf 86' lang='lat' dir='ltr'>alas</span> <span class='ocrx_word' id='word_1_141' title='bbox 1649 1749 1859 1824; x_wconf 87' lang='lat' dir='ltr'>habentium</span> <span class='ocrx_word' id='word_1_142' title='bbox 1882 1767 1997 1826; x_wconf 90' lang='lat' dir='ltr'>mater</span> <span class='ocrx_word' id='word_1_143' title='bbox 2023 1756 2249 1842; x_wconf 88' lang='lat' dir='ltr'>somniorum,</span> 
     </span>
     <span class='ocr_line' id='line_1_16' title="bbox 724 1855 2055 1952; baseline -0.001 -22"><span class='ocrx_word' id='word_1_144' title='bbox 724 1862 829 1931; x_wconf 88' lang='lat' dir='ltr'>cellas</span> <span class='ocrx_word' id='word_1_145' title='bbox 853 1858 965 1928; x_wconf 90' lang='lat' dir='ltr'>maris</span> <span class='ocrx_word' id='word_1_146' title='bbox 1395 1855 1601 1928; x_wconf 89' lang='lat' dir='ltr'>Abominor</span> <span class='ocrx_word' id='word_1_147' title='bbox 1626 1867 1841 1952; x_wconf 83' lang='lat' dir='ltr'>nocturnam</span> <span class='ocrx_word' id='word_1_148' title='bbox 1864 1859 2055 1946; x_wconf 84' lang='lat' dir='ltr'>visionem,</span> 
     </span>
     <span class='ocr_line' id='line_1_17' title="bbox 346 1955 1801 2055; baseline -0.003 -23"><span class='ocrx_word' id='word_1_149' title='bbox 346 1959 508 2046; x_wconf 84' lang='lat' dir='ltr'>Abiecit,</span> <span class='ocrx_word' id='word_1_150' title='bbox 530 1973 571 2032; x_wconf 93' lang='lat' dir='ltr'>ut</span> <span class='ocrx_word' id='word_1_151' title='bbox 592 1961 668 2055; x_wconf 90' lang='lat' dir='ltr'>ipse</span> <span class='ocrx_word' id='word_1_152' title='bbox 691 1989 818 2036; x_wconf 89' lang='lat' dir='ltr'>aurum</span> <span class='ocrx_word' id='word_1_153' title='bbox 845 1963 884 2032; x_wconf 91' lang='lat' dir='ltr'>iu</span> <span class='ocrx_word' id='word_1_154' title='bbox 906 1963 1015 2030; x_wconf 91' lang='lat' dir='ltr'>domo</span> <span class='ocrx_word' id='word_1_155' title='bbox 1038 1955 1198 2032; x_wconf 88' lang='lat' dir='ltr'>haberet.</span> <span class='ocrx_word' id='word_1_156' title='bbox 1398 1959 1518 2054; x_wconf 90' lang='lat' dir='ltr'>Quam</span> <span class='ocrx_word' id='word_1_157' title='bbox 1543 1963 1587 2032; x_wconf 92' lang='lat' dir='ltr'>de</span> <span class='ocrx_word' id='word_1_158' title='bbox 1608 1959 1683 2032; x_wconf 88' lang='lat' dir='ltr'>lilio</span> <span class='ocrx_word' id='word_1_159' title='bbox 1706 1984 1801 2044; x_wconf 92' lang='lat' dir='ltr'>meo,</span> 
     </span>
     <span class='ocr_line' id='line_1_18' title="bbox 347 2057 1912 2156; baseline -0.001 -25"><span class='ocrx_word' id='word_1_160' title='bbox 347 2061 451 2133; x_wconf 85' lang='lat' dir='ltr'>laceo</span> <span class='ocrx_word' id='word_1_161' title='bbox 469 2071 594 2135; x_wconf 85' lang='lat' dir='ltr'>&#39;autem</span> <span class='ocrx_word' id='word_1_162' title='bbox 617 2067 656 2135; x_wconf 94' lang='lat' dir='ltr'>in</span> <span class='ocrx_word' id='word_1_163' title='bbox 671 2067 793 2137; x_wconf 89' lang='lat' dir='ltr'>littore</span> <span class='ocrx_word' id='word_1_164' title='bbox 810 2065 993 2134; x_wconf 90' lang='lat' dir='ltr'>interdum</span> <span class='ocrx_word' id='word_1_165' title='bbox 1011 2062 1049 2130; x_wconf 94' lang='lat' dir='ltr'>in</span> <span class='ocrx_word' id='word_1_166' title='bbox 1066 2062 1176 2132; x_wconf 89' lang='lat' dir='ltr'>maris</span> <span class='ocrx_word' id='word_1_167' title='bbox 1193 2073 1292 2132; x_wconf 90' lang='lat' dir='ltr'>aestu</span> <span class='ocrx_word' id='word_1_168' title='bbox 1397 2063 1470 2156; x_wconf 92' lang='lat' dir='ltr'>Qui</span> <span class='ocrx_word' id='word_1_169' title='bbox 1493 2075 1657 2134; x_wconf 85' lang='lat' dir='ltr'>servatur</span> <span class='ocrx_word' id='word_1_170' title='bbox 1679 2062 1718 2130; x_wconf 92' lang='lat' dir='ltr'>in</span> <span class='ocrx_word' id='word_1_171' title='bbox 1742 2057 1912 2146; x_wconf 83' lang='lat' dir='ltr'>Thracia,</span> 
     </span>
     <span class='ocr_line' id='line_1_19' title="bbox 346 2161 1884 2261; baseline -0.001 -25"><span class='ocrx_word' id='word_1_172' title='bbox 346 2165 473 2238; x_wconf 87' lang='lat' dir='ltr'>Multis</span> <span class='ocrx_word' id='word_1_173' title='bbox 497 2168 703 2242; x_wconf 80' lang='lat' dir='ltr'>circuitibus</span> <span class='ocrx_word' id='word_1_174' title='bbox 724 2171 905 2242; x_wconf 90' lang='lat' dir='ltr'>undarum</span> <span class='ocrx_word' id='word_1_175' title='bbox 929 2167 1172 2248; x_wconf 90' lang='lat' dir='ltr'>circumlatus,</span> <span class='ocrx_word' id='word_1_176' title='bbox 1346 2163 1395 2240; x_wconf 82' lang='lat'>75</span> <span class='ocrx_word' id='word_1_177' title='bbox 1421 2165 1476 2238; x_wconf 90' lang='lat' dir='ltr'>De</span> <span class='ocrx_word' id='word_1_178' title='bbox 1498 2167 1754 2261; x_wconf 84' lang='lat' dir='ltr'>Polyxenaque</span> <span class='ocrx_word' id='word_1_179' title='bbox 1777 2161 1884 2236; x_wconf 89' lang='lat' dir='ltr'>chara</span> 
     </span>
     <span class='ocr_line' id='line_1_20' title="bbox 297 2268 1892 2368; baseline -0.002 -27"><span class='ocrx_word' id='word_1_180' title='bbox 297 2271 348 2341; x_wconf 76' lang='grc'>80</span> <span class='ocrx_word' id='word_1_181' title='bbox 373 2269 581 2358; x_wconf 89' lang='lat' dir='ltr'>Indefletus,</span> <span class='ocrx_word' id='word_1_182' title='bbox 627 2274 843 2368; x_wconf 83' lang='lat' dir='ltr'>insepultus,</span> <span class='ocrx_word' id='word_1_183' title='bbox 887 2293 985 2340; x_wconf 91' lang='lat' dir='ltr'>nunc</span> <span class='ocrx_word' id='word_1_184' title='bbox 1021 2293 1108 2337; x_wconf 89' lang='lat' dir='ltr'>vero</span> <span class='ocrx_word' id='word_1_185' title='bbox 1141 2279 1293 2362; x_wconf 89' lang='lat' dir='ltr'>propter</span> <span class='ocrx_word' id='word_1_186' title='bbox 1396 2269 1487 2339; x_wconf 89' lang='lat' dir='ltr'>Filia</span> <span class='ocrx_word' id='word_1_187' title='bbox 1512 2293 1579 2363; x_wconf 90' lang='lat' dir='ltr'>per</span> <span class='ocrx_word' id='word_1_188' title='bbox 1602 2269 1784 2341; x_wconf 89' lang='lat' dir='ltr'>somnium</span> <span class='ocrx_word' id='word_1_189' title='bbox 1806 2268 1892 2338; x_wconf 86' lang='lat' dir='ltr'>vidi.</span> 
     </span>
     <span class='ocr_line' id='line_1_21' title="bbox 714 2367 2016 2463; baseline -0.002 -16"><span class='ocrx_word' id='word_1_190' title='bbox 714 2388 868 2447; x_wconf 87' lang='lat' dir='ltr'>matrem</span> <span class='ocrx_word' id='word_1_191' title='bbox 892 2367 1038 2442; x_wconf 87' lang='lat' dir='ltr'>charam</span> <span class='ocrx_word' id='word_1_192' title='bbox 1395 2371 1481 2444; x_wconf 91' lang='lat' dir='ltr'>Vidi</span> <span class='ocrx_word' id='word_1_193' title='bbox 1507 2373 1604 2442; x_wconf 88' lang='lat' dir='ltr'>enim</span> <span class='ocrx_word' id='word_1_194' title='bbox 1628 2369 1827 2442; x_wconf 87' lang='lat' dir='ltr'>terribilem</span> <span class='ocrx_word' id='word_1_195' title='bbox 1847 2369 2016 2463; x_wconf 87' lang='lat' dir='ltr'>speciem.</span> 
     </span>
     <span class='ocr_line' id='line_1_22' title="bbox 348 2475 1724 2570; baseline 0.001 -26"><span class='ocrx_word' id='word_1_196' title='bbox 348 2475 531 2546; x_wconf 86' lang='lat' dir='ltr'>Hecubam</span> <span class='ocrx_word' id='word_1_197' title='bbox 559 2479 710 2570; x_wconf 90' lang='lat' dir='ltr'>prosilio</span> <span class='ocrx_word' id='word_1_198' title='bbox 737 2499 889 2570; x_wconf 82' lang='lat' dir='ltr'>corpore</span> <span class='ocrx_word' id='word_1_199' title='bbox 913 2476 1038 2544; x_wconf 90' lang='lat' dir='ltr'>relicto</span> <span class='ocrx_word' id='word_1_200' title='bbox 1067 2496 1163 2556; x_wconf 92' lang='lat' dir='ltr'>meo,</span> <span class='ocrx_word' id='word_1_201' title='bbox 1396 2475 1534 2560; x_wconf 87' lang='lat' dir='ltr'>Didici‚</span> <span class='ocrx_word' id='word_1_202' title='bbox 1558 2477 1724 2567; x_wconf 79' lang='lat' dir='ltr'>cognovi.</span> 
     </span>
     <span class='ocr_line' id='line_1_23' title="bbox 348 2573 2149 2663; baseline -0.002 -13"><span class='ocrx_word' id='word_1_203' title='bbox 348 2577 513 2650; x_wconf 82' lang='lat' dir='ltr'>Tertiam</span> <span class='ocrx_word' id='word_1_204' title='bbox 537 2579 609 2653; x_wconf 88' lang='lat' dir='ltr'>iam</span> <span class='ocrx_word' id='word_1_205' title='bbox 631 2581 750 2652; x_wconf 88' lang='lat' dir='ltr'>lucem</span> <span class='ocrx_word' id='word_1_206' title='bbox 770 2602 917 2651; x_wconf 89' lang='lat' dir='ltr'>versans</span> <span class='ocrx_word' id='word_1_207' title='bbox 942 2578 980 2646; x_wconf 89' lang='lat' dir='ltr'>in</span> <span class='ocrx_word' id='word_1_208' title='bbox 1004 2578 1090 2660; x_wconf 86' lang='lat' dir='ltr'>alto,</span> <span class='ocrx_word' id='word_1_209' title='bbox 1397 2579 1431 2650; x_wconf 95' lang='lat'>0</span> <span class='ocrx_word' id='word_1_210' title='bbox 1454 2578 1591 2650; x_wconf 87' lang='lat' dir='ltr'>terreni</span> <span class='ocrx_word' id='word_1_211' title='bbox 1611 2577 1695 2662; x_wconf 89' lang='lat' dir='ltr'>Dii,</span> <span class='ocrx_word' id='word_1_212' title='bbox 1716 2587 1857 2648; x_wconf 89' lang='lat' dir='ltr'>servate</span> <span class='ocrx_word' id='word_1_213' title='bbox 1877 2573 1990 2647; x_wconf 87' lang='lat' dir='ltr'>filium</span> <span class='ocrx_word' id='word_1_214' title='bbox 2018 2601 2149 2663; x_wconf 89' lang='lat' dir='ltr'>meum,</span> 
     </span>
     <span class='ocr_line' id='line_1_24' title="bbox 349 2677 2132 2776; baseline 0 -26"><span class='ocrx_word' id='word_1_215' title='bbox 349 2680 534 2774; x_wconf 86' lang='lat' dir='ltr'>Quamdiu</span> <span class='ocrx_word' id='word_1_216' title='bbox 558 2683 597 2751; x_wconf 94' lang='lat' dir='ltr'>in</span> <span class='ocrx_word' id='word_1_217' title='bbox 620 2696 718 2755; x_wconf 88' lang='lat' dir='ltr'>terra</span> <span class='ocrx_word' id='word_1_218' title='bbox 740 2677 1006 2755; x_wconf 89' lang='lat' dir='ltr'>Cherrhonesia</span> <span class='ocrx_word' id='word_1_219' title='bbox 1345 2684 1395 2754; x_wconf 89' lang='grc'>80</span> <span class='ocrx_word' id='word_1_220' title='bbox 1422 2682 1495 2776; x_wconf 90' lang='lat' dir='ltr'>Qui</span> <span class='ocrx_word' id='word_1_221' title='bbox 1510 2683 1628 2766; x_wconf 90' lang='lat' dir='ltr'>solus,</span> <span class='ocrx_word' id='word_1_222' title='bbox 1653 2684 1781 2750; x_wconf 90' lang='lat' dir='ltr'>domus</span> <span class='ocrx_word' id='word_1_223' title='bbox 1803 2703 2012 2772; x_wconf 84' lang='lat' dir='ltr'>ancoraque</span> <span class='ocrx_word' id='word_1_224' title='bbox 2033 2704 2132 2751; x_wconf 86' lang='lat' dir='ltr'>mear</span> 
     </span>
     <span class='ocr_line' id='line_1_25' title="bbox 347 2779 2342 2886; baseline -0.001 -34"><span class='ocrx_word' id='word_1_225' title='bbox 347 2781 468 2854; x_wconf 86' lang='lat' dir='ltr'>Mater</span> <span class='ocrx_word' id='word_1_226' title='bbox 488 2811 568 2854; x_wconf 91' lang='lat' dir='ltr'>mea</span> <span class='ocrx_word' id='word_1_227' title='bbox 596 2786 718 2860; x_wconf 78' lang='lat' dir='ltr'>infelix</span> <span class='ocrx_word' id='word_1_228' title='bbox 745 2813 789 2858; x_wconf 77' lang='lat' dir='ltr'>ex</span> <span class='ocrx_word' id='word_1_229' title='bbox 808 2785 923 2856; x_wconf 84' lang='lat' dir='ltr'>Troia</span> <span class='ocrx_word' id='word_1_230' title='bbox 948 2785 1059 2854; x_wconf 89' lang='lat' dir='ltr'>adest.</span> <span class='ocrx_word' id='word_1_231' title='bbox 1394 2783 1563 2858; x_wconf 91' lang='lat' dir='ltr'>Nivalem</span> <span class='ocrx_word' id='word_1_232' title='bbox 1583 2779 1780 2854; x_wconf 86' lang='lat' dir='ltr'>Thraciam</span> <span class='ocrx_word' id='word_1_233' title='bbox 1805 2781 1931 2855; x_wconf 87' lang='lat' dir='ltr'>incolit</span> <span class='ocrx_word' id='word_1_234' title='bbox 2341 2859 2342 2886; x_wconf 72' lang='lat'>,</span> 
     </span>
     <span class='ocr_line' id='line_1_26' title="bbox 296 2869 2306 2982; baseline -0.009 -24"><span class='ocrx_word' id='word_1_235' title='bbox 296 2883 348 2960; x_wconf 72' lang='lat'>³5</span> <span class='ocrx_word' id='word_1_236' title='bbox 375 2885 512 2960; x_wconf 90' lang='lat' dir='ltr'>Omnes</span> <span class='ocrx_word' id='word_1_237' title='bbox 534 2911 621 2958; x_wconf 86' lang='lat' dir='ltr'>vero</span> <span class='ocrx_word' id='word_1_238' title='bbox 645 2891 777 2962; x_wconf 86' lang='lat' dir='ltr'>Graeci</span> <span class='ocrx_word' id='word_1_239' title='bbox 799 2913 910 2959; x_wconf 82' lang='lat' dir='ltr'>naves</span> <span class='ocrx_word' id='word_1_240' title='bbox 932 2896 1115 2967; x_wconf 86' lang='lat' dir='ltr'>tenentes,</span> <span class='ocrx_word' id='word_1_241' title='bbox 1138 2880 1250 2977; x_wconf 88' lang='lat' dir='ltr'>quieti</span> <span class='ocrx_word' id='word_1_242' title='bbox 1394 2888 1556 2982; x_wconf 88' lang='lat' dir='ltr'>Hospitis</span> <span class='ocrx_word' id='word_1_243' title='bbox 1586 2887 1730 2982; x_wconf 88' lang='lat' dir='ltr'>paterni</span> <span class='ocrx_word' id='word_1_244' title='bbox 1759 2887 1826 2958; x_wconf 90' lang='lat' dir='ltr'>sub</span> <span class='ocrx_word' id='word_1_245' title='bbox 1853 2885 2031 2958; x_wconf 83' lang='lat' dir='ltr'>custodia.</span> <span class='ocrx_word' id='word_1_246' title='bbox 2089 2879 2169 2955; x_wconf 86' lang='lat' dir='ltr'>Erit</span> <span class='ocrx_word' id='word_1_247' title='bbox 2193 2869 2306 2970; x_wconf 85' lang='lat' dir='ltr'>aliquid</span> 
     </span>
     <span class='ocr_line' id='line_1_27' title="bbox 347 2985 1906 3072; baseline -0.001 -12"><span class='ocrx_word' id='word_1_248' title='bbox 347 2988 482 3062; x_wconf 91' lang='lat' dir='ltr'>Sedent</span> <span class='ocrx_word' id='word_1_249' title='bbox 502 2991 540 3062; x_wconf 91' lang='lat' dir='ltr'>in</span> <span class='ocrx_word' id='word_1_250' title='bbox 563 2991 685 3064; x_wconf 89' lang='lat' dir='ltr'>littore</span> <span class='ocrx_word' id='word_1_251' title='bbox 705 2989 814 3064; x_wconf 89' lang='lat' dir='ltr'>huius</span> <span class='ocrx_word' id='word_1_252' title='bbox 836 2987 1015 3062; x_wconf 85' lang='lat' dir='ltr'>Thraciae</span> <span class='ocrx_word' id='word_1_253' title='bbox 1040 2999 1169 3056; x_wconf 89' lang='lat' dir='ltr'>terrae.</span> <span class='ocrx_word' id='word_1_254' title='bbox 1324 2985 1326 2992; x_wconf 74' lang='grc'>’</span> <span class='ocrx_word' id='word_1_255' title='bbox 1756 3013 1906 3072; x_wconf 89' lang='lat' dir='ltr'>novum,</span> 
     </span>
     <span class='ocr_line' id='line_1_28' title="bbox 344 3079 2306 3190; baseline -0.004 -27"><span class='ocrx_word' id='word_1_256' title='bbox 344 3093 447 3165; x_wconf 87' lang='lat' dir='ltr'>Pelei</span> <span class='ocrx_word' id='word_1_257' title='bbox 469 3119 627 3190; x_wconf 87' lang='lat' dir='ltr'>namque</span> <span class='ocrx_word' id='word_1_258' title='bbox 649 3097 743 3168; x_wconf 87' lang='lat' dir='ltr'>filius</span> <span class='ocrx_word' id='word_1_259' title='bbox 765 3117 874 3188; x_wconf 86' lang='lat' dir='ltr'>super</span> <span class='ocrx_word' id='word_1_260' title='bbox 895 3094 1076 3164; x_wconf 90' lang='lat' dir='ltr'>tumulum</span> <span class='ocrx_word' id='word_1_261' title='bbox 1098 3110 1277 3182; x_wconf 85' lang='lat' dir='ltr'>apparens</span> <span class='ocrx_word' id='word_1_262' title='bbox 1360 3143 1365 3158; x_wconf 87' lang='lat'><strong>.</strong></span> <span class='ocrx_word' id='word_1_263' title='bbox 1392 3090 1523 3162; x_wconf 86' lang='lat' dir='ltr'>Veniet</span> <span class='ocrx_word' id='word_1_264' title='bbox 1554 3094 1738 3188; x_wconf 82' lang='lat' dir='ltr'>quoddam</span> <span class='ocrx_word' id='word_1_265' title='bbox 1769 3116 1917 3162; x_wconf 84' lang='lat' dir='ltr'>carmen</span> <span class='ocrx_word' id='word_1_266' title='bbox 1950 3089 2103 3181; x_wconf 88' lang='lat' dir='ltr'>lugubre</span> <span class='ocrx_word' id='word_1_267' title='bbox 2126 3087 2170 3157; x_wconf 89' lang='lat' dir='ltr'>ad</span> <span class='ocrx_word' id='word_1_268' title='bbox 2192 3079 2306 3177; x_wconf 81' lang='lat' dir='ltr'>priores</span> 
     </span>
     <span class='ocr_line' id='line_1_29' title="bbox 346 3163 2342 3271; baseline 0 -5"><span class='ocrx_word' id='word_1_269' title='bbox 346 3195 536 3268; x_wconf 90' lang='lat' dir='ltr'>Continuit</span> <span class='ocrx_word' id='word_1_270' title='bbox 556 3195 713 3271; x_wconf 88' lang='lat' dir='ltr'>Achilles</span> <span class='ocrx_word' id='word_1_271' title='bbox 737 3211 855 3268; x_wconf 93' lang='lat' dir='ltr'>totum</span> <span class='ocrx_word' id='word_1_272' title='bbox 877 3198 1071 3266; x_wconf 84' lang='lat' dir='ltr'>exercitum</span> <span class='ocrx_word' id='word_1_273' title='bbox 1094 3193 1274 3264; x_wconf 91' lang='lat' dir='ltr'>Graecum</span> <span class='ocrx_word' id='word_1_274' title='bbox 1748 3195 1877 3267; x_wconf 89' lang='lat' dir='ltr'>luctus.</span> <span class='ocrx_word' id='word_1_275' title='bbox 2341 3163 2342 3252; x_wconf 67' lang='lat' dir='ltr'>i</span> 
     </span>
     <span class='ocr_line' id='line_1_30' title="bbox 345 3287 2255 3394; baseline -0.006 -27"><span class='ocrx_word' id='word_1_276' title='bbox 345 3297 479 3373; x_wconf 80' lang='lat' dir='ltr'>Versus</span> <span class='ocrx_word' id='word_1_277' title='bbox 499 3304 648 3374; x_wconf 92' lang='lat' dir='ltr'>domum</span> <span class='ocrx_word' id='word_1_278' title='bbox 673 3303 866 3392; x_wconf 86' lang='lat' dir='ltr'>dirigentes</span> <span class='ocrx_word' id='word_1_279' title='bbox 884 3299 1068 3368; x_wconf 90' lang='lat' dir='ltr'>marinum</span> <span class='ocrx_word' id='word_1_280' title='bbox 1096 3320 1250 3366; x_wconf 91' lang='lat' dir='ltr'>remum.</span> <span class='ocrx_word' id='word_1_281' title='bbox 1342 3287 1393 3365; x_wconf 83' lang='lat'>85</span> <span class='ocrx_word' id='word_1_282' title='bbox 1419 3297 1503 3369; x_wconf 88' lang='lat' dir='ltr'>Non</span> <span class='ocrx_word' id='word_1_283' title='bbox 1524 3322 1685 3394; x_wconf 91' lang='lat' dir='ltr'>unquam</span> <span class='ocrx_word' id='word_1_284' title='bbox 1712 3323 1794 3368; x_wconf 90' lang='lat' dir='ltr'>mea</span> <span class='ocrx_word' id='word_1_285' title='bbox 1818 3321 1919 3368; x_wconf 89' lang='lat' dir='ltr'>meus</span> <span class='ocrx_word' id='word_1_286' title='bbox 1944 3293 1995 3366; x_wconf 92' lang='lat' dir='ltr'>sic</span> <span class='ocrx_word' id='word_1_287' title='bbox 2022 3293 2255 3366; x_wconf 86' lang='lat' dir='ltr'>indesinenter</span> 
     </span>
     <span class='ocr_line' id='line_1_31' title="bbox 296 3396 2116 3492; baseline 0.001 -22"><span class='ocrx_word' id='word_1_288' title='bbox 296 3396 348 3471; x_wconf 82' lang='lat'>40</span> <span class='ocrx_word' id='word_1_289' title='bbox 367 3401 464 3472; x_wconf 89' lang='lat' dir='ltr'>Petit</span> <span class='ocrx_word' id='word_1_290' title='bbox 484 3429 571 3474; x_wconf 86' lang='lat' dir='ltr'>vero</span> <span class='ocrx_word' id='word_1_291' title='bbox 598 3429 760 3476; x_wconf 92' lang='lat' dir='ltr'>sororem</span> <span class='ocrx_word' id='word_1_292' title='bbox 786 3405 845 3471; x_wconf 93' lang='lat' dir='ltr'>ille</span> <span class='ocrx_word' id='word_1_293' title='bbox 870 3425 987 3471; x_wconf 90' lang='lat' dir='ltr'>meam</span> <span class='ocrx_word' id='word_1_294' title='bbox 1014 3399 1236 3492; x_wconf 82' lang='lat' dir='ltr'>Polyxenam</span> <span class='ocrx_word' id='word_1_295' title='bbox 1393 3400 1546 3472; x_wconf 87' lang='lat' dir='ltr'>Horruit</span> <span class='ocrx_word' id='word_1_296' title='bbox 1569 3413 1681 3471; x_wconf 89' lang='lat' dir='ltr'>metu.</span> <span class='ocrx_word' id='word_1_297' title='bbox 2114 3455 2116 3458; x_wconf 85' lang='lat'>-</span> 
     </span>
     <span class='ocr_line' id='line_1_32' title="bbox 348 3498 2168 3595; baseline -0.001 -23"><span class='ocrx_word' id='word_1_298' title='bbox 348 3502 508 3576; x_wconf 84' lang='lat' dir='ltr'>Tumulo</span> <span class='ocrx_word' id='word_1_299' title='bbox 539 3502 684 3576; x_wconf 90' lang='lat' dir='ltr'>charam</span> <span class='ocrx_word' id='word_1_300' title='bbox 713 3506 896 3574; x_wconf 89' lang='lat' dir='ltr'>victimam</span> <span class='ocrx_word' id='word_1_301' title='bbox 923 3517 958 3572; x_wconf 92' lang='lat' dir='ltr'>et</span> <span class='ocrx_word' id='word_1_302' title='bbox 982 3499 1221 3572; x_wconf 93' lang='lat' dir='ltr'>honorarium</span> <span class='ocrx_word' id='word_1_303' title='bbox 1248 3513 1289 3571; x_wconf 92' lang='lat' dir='ltr'>ut</span> <span class='ocrx_word' id='word_1_304' title='bbox 1392 3501 1466 3572; x_wconf 90' lang='lat' dir='ltr'>Ubi</span> <span class='ocrx_word' id='word_1_305' title='bbox 1491 3505 1635 3574; x_wconf 89' lang='lat' dir='ltr'>tandem</span> <span class='ocrx_word' id='word_1_306' title='bbox 1657 3501 1819 3595; x_wconf 82' lang='lat' dir='ltr'>divinam</span> <span class='ocrx_word' id='word_1_307' title='bbox 1844 3498 1974 3568; x_wconf 87' lang='lat' dir='ltr'>Heleni</span> <span class='ocrx_word' id='word_1_308' title='bbox 1997 3500 2168 3584; x_wconf 90' lang='lat' dir='ltr'>animam,</span> 
     </span>
     <span class='ocr_line' id='line_1_33' title="bbox 348 3597 2307 3700; baseline -0.004 -23"><span class='ocrx_word' id='word_1_309' title='bbox 348 3671 356 3682; x_wconf 78' lang='grc'><strong>,</strong></span> <span class='ocrx_word' id='word_1_310' title='bbox 709 3607 879 3700; x_wconf 88' lang='lat' dir='ltr'>accipiat;</span> <span class='ocrx_word' id='word_1_311' title='bbox 1392 3607 1467 3674; x_wconf 87' lang='lat' dir='ltr'>Aut</span> <span class='ocrx_word' id='word_1_312' title='bbox 1481 3606 1702 3678; x_wconf 87' lang='lat' dir='ltr'>Cassandrae</span> <span class='ocrx_word' id='word_1_313' title='bbox 1715 3601 1910 3696; x_wconf 84' lang='lat' dir='ltr'>adspiciam</span> <span class='ocrx_word' id='word_1_314' title='bbox 1928 3627 1950 3672; x_wconf 91' lang='lat' dir='ltr'>o</span> <span class='ocrx_word' id='word_1_315' title='bbox 1959 3600 2142 3676; x_wconf 77' lang='lat' dir='ltr'>Troianae</span> <span class='ocrx_word' id='word_1_316' title='bbox 2157 3597 2307 3674; x_wconf 74' lang='lat' dir='ltr'>mulieres,</span> 
     </span>
     <span class='ocr_line' id='line_1_34' title="bbox 346 3704 2051 3804; baseline 0.002 -29"><span class='ocrx_word' id='word_1_317' title='bbox 346 3704 396 3776; x_wconf 90' lang='lat' dir='ltr'>Et</span> <span class='ocrx_word' id='word_1_318' title='bbox 421 3707 581 3800; x_wconf 90' lang='lat' dir='ltr'>potietur</span> <span class='ocrx_word' id='word_1_319' title='bbox 602 3705 691 3793; x_wconf 91' lang='lat' dir='ltr'>hoc,</span> <span class='ocrx_word' id='word_1_320' title='bbox 711 3733 829 3804; x_wconf 87' lang='lat' dir='ltr'>neque</span> <span class='ocrx_word' id='word_1_321' title='bbox 856 3707 1050 3778; x_wconf 83' lang='lat' dir='ltr'>indonatus</span> <span class='ocrx_word' id='word_1_322' title='bbox 1071 3704 1195 3776; x_wconf 87' lang='lat' dir='ltr'>amicis</span> <span class='ocrx_word' id='word_1_323' title='bbox 1392 3707 1445 3776; x_wconf 93' lang='lat' dir='ltr'>Ut</span> <span class='ocrx_word' id='word_1_324' title='bbox 1466 3705 1557 3778; x_wconf 92' lang='lat' dir='ltr'>mihi</span> <span class='ocrx_word' id='word_1_325' title='bbox 1577 3709 1860 3800; x_wconf 88' lang='lat' dir='ltr'>interpretentur</span> <span class='ocrx_word' id='word_1_326' title='bbox 1883 3705 2051 3796; x_wconf 80' lang='lat' dir='ltr'>somnia?</span> 
     </span>
     <span class='ocr_line' id='line_1_35' title="bbox 346 3791 1949 3904; baseline 0.001 -26"><span class='ocrx_word' id='word_1_327' title='bbox 346 3805 469 3878; x_wconf 87' lang='lat' dir='ltr'>Erita</span> <span class='ocrx_word' id='word_1_328' title='bbox 494 3811 593 3882; x_wconf 88' lang='lat' dir='ltr'>viris.</span> <span class='ocrx_word' id='word_1_329' title='bbox 643 3811 773 3882; x_wconf 90' lang='lat' dir='ltr'>Fatum</span> <span class='ocrx_word' id='word_1_330' title='bbox 799 3835 884 3880; x_wconf 89' lang='lat' dir='ltr'>vero</span> <span class='ocrx_word' id='word_1_331' title='bbox 907 3808 1063 3900; x_wconf 87' lang='lat' dir='ltr'>impellit</span> <span class='ocrx_word' id='word_1_332' title='bbox 1342 3801 1393 3872; x_wconf 80' lang='grc'>90</span> <span class='ocrx_word' id='word_1_333' title='bbox 1418 3809 1503 3880; x_wconf 92' lang='lat' dir='ltr'>Vidi</span> <span class='ocrx_word' id='word_1_334' title='bbox 1527 3811 1623 3881; x_wconf 91' lang='lat' dir='ltr'>enim</span> <span class='ocrx_word' id='word_1_335' title='bbox 1647 3811 1780 3904; x_wconf 91' lang='lat' dir='ltr'>pictam</span> <span class='ocrx_word' id='word_1_336' title='bbox 1806 3791 1949 3880; x_wconf 71' lang='lat' dir='ltr'>cerr&#39;am</span> 
     </span>
     <span class='ocr_line' id='line_1_36' title="bbox 347 3909 2034 4008; baseline 0.001 -28"><span class='ocrx_word' id='word_1_337' title='bbox 347 3910 446 3981; x_wconf 91' lang='lat' dir='ltr'>Mori</span> <span class='ocrx_word' id='word_1_338' title='bbox 470 3937 633 3984; x_wconf 90' lang='lat' dir='ltr'>sororem</span> <span class='ocrx_word' id='word_1_339' title='bbox 657 3939 776 3984; x_wconf 91' lang='lat' dir='ltr'>meam</span> <span class='ocrx_word' id='word_1_340' title='bbox 798 3909 866 3982; x_wconf 89' lang='lat' dir='ltr'>hac</span> <span class='ocrx_word' id='word_1_341' title='bbox 889 3911 969 4002; x_wconf 89' lang='lat' dir='ltr'>ipsa</span> <span class='ocrx_word' id='word_1_342' title='bbox 991 3911 1063 3982; x_wconf 89' lang='lat' dir='ltr'>die.</span> <span class='ocrx_word' id='word_1_343' title='bbox 1394 3911 1489 4008; x_wconf 90' lang='lat' dir='ltr'>Lupi</span> <span class='ocrx_word' id='word_1_344' title='bbox 1511 3927 1661 3984; x_wconf 88' lang='lat' dir='ltr'>cruento</span> <span class='ocrx_word' id='word_1_345' title='bbox 1682 3936 1802 4006; x_wconf 91' lang='lat' dir='ltr'>ungue</span> <span class='ocrx_word' id='word_1_346' title='bbox 1826 3925 2034 3997; x_wconf 81' lang='lat' dir='ltr'>mactatam,</span> 
     </span>
     <span class='ocr_line' id='line_1_37' title="bbox 295 4009 2106 4108; baseline 0 -23"><span class='ocrx_word' id='word_1_347' title='bbox 295 4010 347 4086; x_wconf 82' lang='lat'>45</span> <span class='ocrx_word' id='word_1_348' title='bbox 372 4013 841 4088; x_wconf 84' lang='lat' dir='ltr'>Duorumveroliberorum</span> <span class='ocrx_word' id='word_1_349' title='bbox 853 4017 1107 4085; x_wconf 86' lang='lat' dir='ltr'>duocadavera</span> <span class='ocrx_word' id='word_1_350' title='bbox 1119 4009 1291 4100; x_wconf 89' lang='lat' dir='ltr'>adspiciet</span> <span class='ocrx_word' id='word_1_351' title='bbox 1393 4015 1449 4086; x_wconf 82' lang='lat' dir='ltr'>Ex</span> <span class='ocrx_word' id='word_1_352' title='bbox 1477 4018 1567 4088; x_wconf 89' lang='lat' dir='ltr'>meis</span> <span class='ocrx_word' id='word_1_353' title='bbox 1588 4017 1737 4108; x_wconf 84' lang='lat' dir='ltr'>genibus</span> <span class='ocrx_word' id='word_1_354' title='bbox 1760 4015 1920 4085; x_wconf 90' lang='lat' dir='ltr'>avulsam</span> <span class='ocrx_word' id='word_1_355' title='bbox 1944 4039 2011 4106; x_wconf 93' lang='lat' dir='ltr'>per</span> <span class='ocrx_word' id='word_1_356' title='bbox 2031 4015 2106 4086; x_wconf 90' lang='lat' dir='ltr'>vim</span> 
     </span>
     <span class='ocr_line' id='line_1_38' title="bbox 346 4113 2056 4215; baseline 0.001 -30"><span class='ocrx_word' id='word_1_357' title='bbox 346 4116 486 4202; x_wconf 89' lang='lat' dir='ltr'>Mater,</span> <span class='ocrx_word' id='word_1_358' title='bbox 509 4143 705 4215; x_wconf 91' lang='lat' dir='ltr'>meumque</span> <span class='ocrx_word' id='word_1_359' title='bbox 728 4132 764 4189; x_wconf 91' lang='lat' dir='ltr'>et</span> <span class='ocrx_word' id='word_1_360' title='bbox 786 4114 895 4190; x_wconf 90' lang='lat' dir='ltr'>huius</span> <span class='ocrx_word' id='word_1_361' title='bbox 917 4116 1067 4188; x_wconf 89' lang='lat' dir='ltr'>infelicis</span> <span class='ocrx_word' id='word_1_362' title='bbox 1088 4114 1239 4205; x_wconf 86' lang='lat' dir='ltr'>puellae.</span> <span class='ocrx_word' id='word_1_363' title='bbox 1393 4119 1668 4201; x_wconf 87' lang='lat' dir='ltr'>Miserabiliter;</span> <span class='ocrx_word' id='word_1_364' title='bbox 1690 4132 1728 4190; x_wconf 91' lang='lat' dir='ltr'>et</span> <span class='ocrx_word' id='word_1_365' title='bbox 1749 4113 1808 4190; x_wconf 90' lang='lat' dir='ltr'>hic</span> <span class='ocrx_word' id='word_1_366' title='bbox 1827 4129 1945 4188; x_wconf 91' lang='lat' dir='ltr'>terror</span> <span class='ocrx_word' id='word_1_367' title='bbox 1964 4113 2056 4186; x_wconf 91' lang='lat' dir='ltr'>mihi</span> 
     </span>
     <span class='ocr_line' id='line_1_39' title="bbox 347 4215 2177 4315; baseline -0.002 -24"><span class='ocrx_word' id='word_1_368' title='bbox 347 4220 541 4312; x_wconf 84' lang='lat' dir='ltr'>Apparebo</span> <span class='ocrx_word' id='word_1_369' title='bbox 573 4223 692 4308; x_wconf 90' lang='lat' dir='ltr'>enim,</span> <span class='ocrx_word' id='word_1_370' title='bbox 728 4235 770 4292; x_wconf 90' lang='lat' dir='ltr'>ut</span> <span class='ocrx_word' id='word_1_371' title='bbox 802 4221 1023 4312; x_wconf 90' lang='lat' dir='ltr'>sepulturam</span> <span class='ocrx_word' id='word_1_372' title='bbox 1053 4215 1176 4285; x_wconf 82' lang='lat' dir='ltr'>infelix</span> <span class='ocrx_word' id='word_1_373' title='bbox 1206 4239 1289 4285; x_wconf 90' lang='lat' dir='ltr'>con·</span> <span class='ocrx_word' id='word_1_374' title='bbox 1392 4222 1502 4290; x_wconf 87' lang='lat' dir='ltr'>Venit</span> <span class='ocrx_word' id='word_1_375' title='bbox 1523 4246 1631 4315; x_wconf 89' lang='lat' dir='ltr'>super</span> <span class='ocrx_word' id='word_1_376' title='bbox 1651 4246 1831 4293; x_wconf 92' lang='lat' dir='ltr'>summum</span> <span class='ocrx_word' id='word_1_377' title='bbox 1855 4221 1986 4290; x_wconf 91' lang='lat' dir='ltr'>tumuli</span> <span class='ocrx_word' id='word_1_378' title='bbox 2009 4219 2177 4290; x_wconf 84' lang='lat' dir='ltr'>verticem</span> 
     </span>
     <span class='ocr_line' id='line_1_40' title="bbox 707 4307 1793 4418; baseline -0.002 -23"><span class='ocrx_word' id='word_1_379' title='bbox 707 4349 850 4418; x_wconf 87' lang='lat' dir='ltr'>sequar,</span> <span class='ocrx_word' id='word_1_380' title='bbox 1341 4307 1394 4383; x_wconf 82' lang='grc'>95</span> <span class='ocrx_word' id='word_1_381' title='bbox 1419 4323 1606 4418; x_wconf 90' lang='lat' dir='ltr'>Speetrum</span> <span class='ocrx_word' id='word_1_382' title='bbox 1628 4319 1793 4394; x_wconf 65' lang='lat' dir='ltr'>’Achillis</span> 
     </span>
     <span class='ocr_line' id='line_1_41' title="bbox 348 4421 2234 4516; baseline 0.003 -28"><span class='ocrx_word' id='word_1_383' title='bbox 348 4421 511 4491; x_wconf 83' lang='lat' dir='ltr'>Ancillae</span> <span class='ocrx_word' id='word_1_384' title='bbox 537 4437 619 4494; x_wconf 86' lang='lat' dir='ltr'>ante</span> <span class='ocrx_word' id='word_1_385' title='bbox 644 4429 752 4516; x_wconf 90' lang='lat' dir='ltr'>pedes</span> <span class='ocrx_word' id='word_1_386' title='bbox 774 4427 814 4494; x_wconf 92' lang='lat' dir='ltr'>in</span> <span class='ocrx_word' id='word_1_387' title='bbox 838 4423 957 4494; x_wconf 88' lang='lat' dir='ltr'>undis.</span> <span class='ocrx_word' id='word_1_388' title='bbox 1391 4429 1541 4498; x_wconf 87' lang='lat' dir='ltr'>Petebat</span> <span class='ocrx_word' id='word_1_389' title='bbox 1562 4451 1649 4497; x_wconf 90' lang='lat' dir='ltr'>vero</span> <span class='ocrx_word' id='word_1_390' title='bbox 1673 4451 1824 4508; x_wconf 90' lang='lat' dir='ltr'>munus,</span> <span class='ocrx_word' id='word_1_391' title='bbox 1844 4423 2137 4496; x_wconf 83' lang='lat' dir='ltr'>calamitosamm</span> <span class='ocrx_word' id='word_1_392' title='bbox 2230 4439 2234 4446; x_wconf 86' lang='grc'><strong>’</strong></span> 
     </span>
     <span class='ocr_line' id='line_1_42' title="bbox 350 4521 2083 4624; baseline 0.001 -33"><span class='ocrx_word' id='word_1_393' title='bbox 350 4521 429 4592; x_wconf 88' lang='lat' dir='ltr'>Hoc</span> <span class='ocrx_word' id='word_1_394' title='bbox 450 4525 546 4593; x_wconf 92' lang='lat' dir='ltr'>enim</span> <span class='ocrx_word' id='word_1_395' title='bbox 570 4530 664 4616; x_wconf 91' lang='lat' dir='ltr'>apud</span> <span class='ocrx_word' id='word_1_396' title='bbox 687 4529 821 4598; x_wconf 89' lang='lat' dir='ltr'>inferos</span> <span class='ocrx_word' id='word_1_397' title='bbox 845 4537 1009 4618; x_wconf 87' lang='lat' dir='ltr'>potentes</span> <span class='ocrx_word' id='word_1_398' title='bbox 1032 4521 1178 4592; x_wconf 82' lang='lat' dir='ltr'>exoravi</span> <span class='ocrx_word' id='word_1_399' title='bbox 1394 4529 1587 4624; x_wconf 71' lang='lat' dir='ltr'>Quandam</span> <span class='ocrx_word' id='word_1_400' title='bbox 1609 4529 1853 4600; x_wconf 65' lang='lat' dir='ltr'>Troianorum</span> <span class='ocrx_word' id='word_1_401' title='bbox 1877 4527 2083 4600; x_wconf 88' lang='lat' dir='ltr'>mulierum.</span> 
     </span>
     <span class='ocr_line' id='line_1_43' title="bbox 298 4621 2022 4724; baseline 0.002 -26"><span class='ocrx_word' id='word_1_402' title='bbox 298 4621 349 4698; x_wconf 84' lang='lat'>50</span> <span class='ocrx_word' id='word_1_403' title='bbox 375 4625 535 4697; x_wconf 78' lang='lat' dir='ltr'>&#39;l&#39;umulo</span> <span class='ocrx_word' id='word_1_404' title='bbox 555 4629 686 4719; x_wconf 90' lang='lat' dir='ltr'>potiri,</span> <span class='ocrx_word' id='word_1_405' title='bbox 708 4643 743 4700; x_wconf 90' lang='lat' dir='ltr'>et</span> <span class='ocrx_word' id='word_1_406' title='bbox 766 4631 805 4698; x_wconf 93' lang='lat' dir='ltr'>in</span> <span class='ocrx_word' id='word_1_407' title='bbox 821 4653 948 4698; x_wconf 89' lang='lat' dir='ltr'>manus</span> <span class='ocrx_word' id='word_1_408' title='bbox 969 4626 1096 4696; x_wconf 87' lang='lat' dir='ltr'>matris</span> <span class='ocrx_word' id='word_1_409' title='bbox 1117 4624 1288 4698; x_wconf 88' lang='lat' dir='ltr'>incidere.</span> <span class='ocrx_word' id='word_1_410' title='bbox 1390 4638 1424 4706; x_wconf 87' lang='lat' dir='ltr'>A</span> <span class='ocrx_word' id='word_1_411' title='bbox 1446 4657 1523 4704; x_wconf 90' lang='lat' dir='ltr'>mea</span> <span class='ocrx_word' id='word_1_412' title='bbox 1550 4632 1681 4724; x_wconf 89' lang='lat' dir='ltr'>igitur,</span> <span class='ocrx_word' id='word_1_413' title='bbox 1708 4657 1728 4702; x_wconf 85' lang='lat' dir='ltr'>a</span> <span class='ocrx_word' id='word_1_414' title='bbox 1752 4655 1832 4701; x_wconf 86' lang='lat' dir='ltr'>mea</span> <span class='ocrx_word' id='word_1_415' title='bbox 1855 4625 1926 4700; x_wconf 91' lang='lat' dir='ltr'>hoc</span> <span class='ocrx_word' id='word_1_416' title='bbox 1947 4629 2022 4700; x_wconf 81' lang='lat' dir='ltr'>filia</span> 
     </span>
     <span class='ocr_line' id='line_1_44' title="bbox 351 4729 1852 4828; baseline -0.002 -28"><span class='ocrx_word' id='word_1_417' title='bbox 351 4729 580 4822; x_wconf 89' lang='lat' dir='ltr'>Quodadme</span> <span class='ocrx_word' id='word_1_418' title='bbox 590 4730 727 4818; x_wconf 80' lang='lat' dir='ltr'>attinet,</span> <span class='ocrx_word' id='word_1_419' title='bbox 744 4745 919 4826; x_wconf 90' lang='lat' dir='ltr'>quantum</span> <span class='ocrx_word' id='word_1_420' title='bbox 929 4729 1287 4824; x_wconf 86' lang='lat' dir='ltr'>volebam,consequi</span> <span class='ocrx_word' id='word_1_421' title='bbox 1389 4737 1552 4808; x_wconf 74' lang='lat' dir='ltr'>Avertita</span> <span class='ocrx_word' id='word_1_422' title='bbox 1574 4735 1655 4820; x_wconf 85' lang='lat' dir='ltr'>Dii,</span> <span class='ocrx_word' id='word_1_423' title='bbox 1678 4735 1852 4828; x_wconf 63' lang='lat' dir='ltr'>supplico.</span> 
     </span>
     <span class='ocr_line' id='line_1_45' title="bbox 347 4825 2305 4925; baseline -0.009 -12"><span class='ocrx_word' id='word_1_424' title='bbox 347 4831 447 4913; x_wconf 70' lang='grc' dir='ltr'><strong>Εΐῑῑῐ</strong></span> <span class='ocrx_word' id='word_1_425' title='bbox 473 4831 561 4902; x_wconf 64' lang='grc' dir='ltr'>θῐῑῑῑῐ</span> <span class='ocrx_word' id='word_1_426' title='bbox 582 4849 669 4902; x_wconf 61' lang='lat' dir='ltr'>vem</span> <span class='ocrx_word' id='word_1_427' title='bbox 693 4857 735 4903; x_wconf 74' lang='lat' dir='ltr'>ex</span> <span class='ocrx_word' id='word_1_428' title='bbox 757 4835 907 4925; x_wconf 76' lang='lat' dir='ltr'>pedibus</span> <span class='ocrx_word' id='word_1_429' title='bbox 930 4834 1092 4904; x_wconf 67' lang='lat' dir='ltr'>secedam</span> <span class='ocrx_word' id='word_1_430' title='bbox 1341 4833 1414 4910; x_wconf 91' lang='lat'>1⁰0</span> <span class='ocrx_word' id='word_1_431' title='bbox 1442 4841 1581 4912; x_wconf 72' lang='lat' dir='ltr'>utrem.</span> <span class='ocrx_word' id='word_1_432' title='bbox 1602 4838 1808 4921; x_wconf 89' lang='lat' dir='ltr'>OHecuba,</span> <span class='ocrx_word' id='word_1_433' title='bbox 1829 4833 1953 4908; x_wconf 85' lang='lat' dir='ltr'>sedulo</span> <span class='ocrx_word' id='word_1_434' title='bbox 1972 4833 2020 4904; x_wconf 91' lang='lat' dir='ltr'>ad</span> <span class='ocrx_word' id='word_1_435' title='bbox 2043 4843 2078 4902; x_wconf 89' lang='lat' dir='ltr'>te</span> <span class='ocrx_word' id='word_1_436' title='bbox 2098 4825 2237 4902; x_wconf 89' lang='lat' dir='ltr'>dissolvi</span> <span class='ocrx_word' id='word_1_437' title='bbox 2250 4837 2305 4896; x_wconf 66' lang='lat' dir='ltr'>mer</span> 
     </span>
     <span class='ocr_line' id='line_1_46' title="bbox 348 4933 1916 5034; baseline 0.002 -31"><span class='ocrx_word' id='word_1_438' title='bbox 348 4934 534 5016; x_wconf 86' lang='lat' dir='ltr'>Hecubae;</span> <span class='ocrx_word' id='word_1_439' title='bbox 558 4933 696 5026; x_wconf 82' lang='lat' dir='ltr'>profert</span> <span class='ocrx_word' id='word_1_440' title='bbox 718 4937 813 5006; x_wconf 91' lang='lat' dir='ltr'>enim</span> <span class='ocrx_word' id='word_1_441' title='bbox 836 4937 913 5030; x_wconf 90' lang='lat' dir='ltr'>ipsa</span> <span class='ocrx_word' id='word_1_442' title='bbox 938 4959 980 5006; x_wconf 85' lang='lat' dir='ltr'>err</span> <span class='ocrx_word' id='word_1_443' title='bbox 1003 4957 1107 5007; x_wconf 90' lang='lat' dir='ltr'>scena</span> <span class='ocrx_word' id='word_1_444' title='bbox 1131 4933 1259 5028; x_wconf 92' lang='lat' dir='ltr'>pedem</span> <span class='ocrx_word' id='word_1_445' title='bbox 1390 4943 1530 5013; x_wconf 73' lang='lat' dir='ltr'>Heriles</span> <span class='ocrx_word' id='word_1_446' title='bbox 1552 4962 1675 5013; x_wconf 77' lang='lat' dir='ltr'>scenas</span> <span class='ocrx_word' id='word_1_447' title='bbox 1695 4941 1916 5034; x_wconf 82' lang='lat' dir='ltr'>relinquens,</span> 
     </span>
     <span class='ocr_line' id='line_1_47' title="bbox 346 5033 2214 5141; baseline -0.001 -35"><span class='ocrx_word' id='word_1_448' title='bbox 346 5037 650 5129; x_wconf 78' lang='lat' dir='ltr'>Agamemnonis,</span> <span class='ocrx_word' id='word_1_449' title='bbox 673 5033 887 5132; x_wconf 89' lang='lat' dir='ltr'>phantasma</span> <span class='ocrx_word' id='word_1_450' title='bbox 909 5051 1071 5110; x_wconf 90' lang='lat' dir='ltr'>metuens</span> <span class='ocrx_word' id='word_1_451' title='bbox 1094 5063 1228 5109; x_wconf 89' lang='lat' dir='ltr'>meum.</span> <span class='ocrx_word' id='word_1_452' title='bbox 1388 5043 1460 5116; x_wconf 87' lang='lat' dir='ltr'>Ubi</span> <span class='ocrx_word' id='word_1_453' title='bbox 1483 5057 1579 5116; x_wconf 74' lang='lat' dir='ltr'>sorte</span> <span class='ocrx_word' id='word_1_454' title='bbox 1600 5044 1791 5118; x_wconf 74' lang='lat' dir='ltr'>distributa</span> <span class='ocrx_word' id='word_1_455' title='bbox 1813 5041 1959 5141; x_wconf 57' lang='lat' dir='ltr'>sumn)</span> <span class='ocrx_word' id='word_1_456' title='bbox 1979 5051 2019 5110; x_wconf 85' lang='lat' dir='ltr'>et</span> <span class='ocrx_word' id='word_1_457' title='bbox 2040 5039 2214 5116; x_wconf 79' lang='lat' dir='ltr'>ordinata,</span> 
     </span>
     <span class='ocr_line' id='line_1_48' title="bbox 296 5133 1170 5236; baseline -0.001 -25"><span class='ocrx_word' id='word_1_458' title='bbox 296 5133 348 5211; x_wconf 85' lang='lat'>55</span> <span class='ocrx_word' id='word_1_459' title='bbox 372 5137 430 5210; x_wconf 77' lang='lat' dir='ltr'>ah</span> <span class='ocrx_word' id='word_1_460' title='bbox 452 5163 531 5210; x_wconf 88' lang='lat' dir='ltr'>mea</span> <span class='ocrx_word' id='word_1_461' title='bbox 557 5151 691 5226; x_wconf 84' lang='lat' dir='ltr'>mater,</span> <span class='ocrx_word' id='word_1_462' title='bbox 716 5167 808 5236; x_wconf 88' lang='lat' dir='ltr'>quae</span> <span class='ocrx_word' id='word_1_463' title='bbox 833 5167 875 5212; x_wconf 82' lang='lat' dir='ltr'>ex</span> <span class='ocrx_word' id='word_1_464' title='bbox 893 5142 1000 5235; x_wconf 88' lang='lat' dir='ltr'>regiis</span> <span class='ocrx_word' id='word_1_465' title='bbox 1022 5141 1170 5212; x_wconf 87' lang='lat' dir='ltr'>aedibus</span> 
     </span>
     <span class='ocr_line' id='line_1_49' title="bbox 347 5241 1264 5340; baseline -0.002 -26"><span class='ocrx_word' id='word_1_466' title='bbox 347 5243 519 5314; x_wconf 89' lang='lat' dir='ltr'>Servilem</span> <span class='ocrx_word' id='word_1_467' title='bbox 541 5243 637 5313; x_wconf 90' lang='lat' dir='ltr'>diem</span> <span class='ocrx_word' id='word_1_468' title='bbox 661 5244 802 5330; x_wconf 87' lang='lat' dir='ltr'>vidisti,</span> <span class='ocrx_word' id='word_1_469' title='bbox 828 5270 937 5340; x_wconf 89' lang='lat' dir='ltr'>quam</span> <span class='ocrx_word' id='word_1_470' title='bbox 958 5245 1032 5335; x_wconf 91' lang='lat' dir='ltr'>agis</span> <span class='ocrx_word' id='word_1_471' title='bbox 1058 5241 1264 5314; x_wconf 83' lang='lat' dir='ltr'>infeliciter!</span> 
     </span>
    </p>
   </div>
   <div class='ocr_carea' id='block_1_3' title="bbox 347 5273 2302 5456">
    <p class='ocr_par' dir='ltr' id='par_1_3' title="bbox 347 5273 2302 5456">
     <span class='ocr_line' id='line_1_50' title="bbox 347 5273 2302 5456; baseline -0.06 11"><span class='ocrx_word' id='word_1_472' title='bbox 347 5345 531 5442; x_wconf 72' lang='lat'>9⁰³⁰¹¹¹¹¹¹</span> <span class='ocrx_word' id='word_1_473' title='bbox 555 5347 646 5422; x_wconf 57' lang='lat' dir='ltr'>hene</span> <span class='ocrx_word' id='word_1_474' title='bbox 678 5349 785 5434; x_wconf 68' lang='lat' dir='ltr'>⁰¹im»</span> <span class='ocrx_word' id='word_1_475' title='bbox 818 5349 921 5444; x_wconf 72' lang='lat' dir='ltr'>crasi</span> <span class='ocrx_word' id='word_1_476' title='bbox 949 5371 1065 5444; x_wconf 78' lang='lat' dir='ltr'>aequo</span> <span class='ocrx_word' id='word_1_477' title='bbox 1092 5345 1284 5420; x_wconf 62' lang='lat' dir='ltr'>asumma</span> <span class='ocrx_word' id='word_1_478' title='bbox 1370 5307 1598 5430; x_wconf 57' lang='lat' dir='ltr'>”lffigtss</span> <span class='ocrx_word' id='word_1_479' title='bbox 1609 5305 1788 5456; x_wconf 54' lang='lat' dir='ltr'>gssuguu·</span> <span class='ocrx_word' id='word_1_480' title='bbox 1812 5301 1863 5372; x_wconf 73' lang='lat' dir='ltr'>ar</span> <span class='ocrx_word' id='word_1_481' title='bbox 1884 5301 1989 5374; x_wconf 60' lang='lat' dir='ltr'>rever)</span> <span class='ocrx_word' id='word_1_482' title='bbox 2014 5299 2098 5353; x_wconf 74' lang='lat' dir='ltr'>rue.</span> <span class='ocrx_word' id='word_1_483' title='bbox 2121 5290 2237 5352; x_wconf 67' lang='lat' dir='ltr'>remu</span> <span class='ocrx_word' id='word_1_484' title='bbox 2261 5273 2302 5334; x_wconf 78' lang='lat' dir='ltr'>se</span> 
     </span>
    </p>
   </div>
   <div class='ocr_carea' id='block_1_4' title="bbox 708 5453 2255 5562">
    <p class='ocr_par' dir='ltr' id='par_1_4' title="bbox 708 5453 2255 5562">
     <span class='ocr_line' id='line_1_51' title="bbox 708 5453 2255 5562; baseline -0.006 -27"><span class='ocrx_word' id='word_1_485' title='bbox 708 5453 889 5526; x_wconf 69' lang='lat' dir='ltr'>ttulimus</span> <span class='ocrx_word' id='word_1_486' title='bbox 915 5465 963 5537; x_wconf 79' lang='lat' dir='ltr'>te,</span> <span class='ocrx_word' id='word_1_487' title='bbox 1370 5479 1425 5562; x_wconf 31' lang='lat' dir='ltr'>ru).</span> <span class='ocrx_word' id='word_1_488' title='bbox 1438 5477 1515 5548; x_wconf 74' lang='lat' dir='ltr'>suu}</span> <span class='ocrx_word' id='word_1_489' title='bbox 1531 5479 1573 5532; x_wconf 79' lang='lat' dir='ltr'>ue</span> <span class='ocrx_word' id='word_1_490' title='bbox 1588 5484 1640 5540; x_wconf 63' lang='grc' dir='ltr'>(ιι</span> <span class='ocrx_word' id='word_1_491' title='bbox 1656 5479 1769 5544; x_wconf 64' lang='grc' dir='ltr'><strong>ειπερ.)</strong></span> <span class='ocrx_word' id='word_1_492' title='bbox 1785 5477 1869 5533; x_wconf 80' lang='lat' dir='ltr'>rats.</span> <span class='ocrx_word' id='word_1_493' title='bbox 1888 5477 2012 5557; x_wconf 59' lang='lat' dir='ltr'>recessa</span> <span class='ocrx_word' id='word_1_494' title='bbox 2027 5473 2078 5525; x_wconf 82' lang='lat' dir='ltr'>ru.</span> <span class='ocrx_word' id='word_1_495' title='bbox 2096 5465 2171 5522; x_wconf 68' lang='lat' dir='ltr'>rm.</span> <span class='ocrx_word' id='word_1_496' title='bbox 2187 5456 2255 5515; x_wconf 70' lang='lat' dir='ltr'>nrt</span> 
     </span>
    </p>
   </div>
   <div class='ocr_carea' id='block_1_5' title="bbox 0 0 2374 6086">
    <p class='ocr_par' dir='ltr' id='par_1_5' title="bbox 0 0 2374 6086">
     <span class='ocr_line' id='line_1_52' title="bbox 0 0 2374 6086; baseline 0 0"><span class='ocrx_word' id='word_1_497' title='bbox 0 0 2374 6086; x_wconf 95' lang='lat' dir='ltr'> </span> 
     </span>
    </p>
   </div>
  </div>
 </body>
</html>
