4768 6100
314 199 392 278 975
848 202 867 227 ··
909 182 1035 258 PlllL.
1060 183 1174 261 MEL.
1202 183 1405 262 SCRIPTA
1431 183 1767 258 effltotoatcst.
2262 196 2319 270 970

370 372 500 448 necet.
536 363 635 459 Quid
658 375 711 436 est
730 358 915 454 sepultura
939 358 1166 436 absentium?
1197 377 1245 435 an
1268 383 1320 434 se·
1422 361 1521 432 Men.
1546 360 1601 432 Ne
1619 359 1747 432 fluctus
1761 357 1906 430 eliciant
1921 354 2056 432 hostias
2071 363 2225 440 adllttus.

733 461 846 557 pelles
863 461 1060 534 umbram?
1426 465 1557 534 Theocl.
1584 462 1695 535 Navis
1710 459 1907 536 Phoenissa
1924 463 2026 534 velox
2044 465 2164 539 aderit.

367 583 446 656 Hel.
470 574 553 646 Mos
569 584 624 644 est
639 570 739 662 apud
755 567 934 650 Graecos,
959 565 1022 661 qui
1046 565 1202 647 inmari
1225 588 1321 639 mor·
1424 569 1523 638 Men.
1548 565 1661 637 Recte
1677 579 1714 636 et
1727 566 1894 636 Menelao
1914 567 2139 640 benefeoeris.

737 685 820 744 tuus
835 669 964 753 luerit,
989 711 1040 726 —
1199 733 1201 744 .
1374 667 1473 741 1290
1512 671 1640 742 nent.
1674 669 1806 742 Nonne
1832 679 1872 740 tu
1903 683 2004 761 putes
2030 671 2105 742 sine
2126 668 2190 742 bac
2209 666 2270 742 boc
2288 674 2327 741 la-

372 787 504 862 Tlssccl.
532 779 631 875 Quid
648 773 789 848 lacere?
842 773 972 844 Graeci
985 785 1069 844 sunt
1084 772 1263 864 sapientes
1282 771 1319 842 in
1785 769 1902 841 cere?‚

736 877 868 948 talibus
883 877 1001 949 rebus.
1201 943 1205 951 ,
1422 876 1524 944 Men.
1550 873 1681 947 Matris
1694 872 1763 946 hoc
1778 885 1954 966 opusest,
1988 887 2051 946 ant
2064 875 2200 958 uxoris,
2229 887 2282 946 aut
2299 876 2328 944 li-

371 997 448 1068 Hel.
472 987 632 1082 Sepelire
650 985 688 1054 in
705 981 828 1052 vacuis
842 980 947 1050 textis
962 977 1103 1050 tunicis.
1780 977 1963 1048 berorum.

323 1099 422 1174 1260
461 1093 593 1167 Theocl.
624 1088 698 1158 Fac
719 1085 849 1178 sunus,
890 1081 1002 1152 excita
1027 1080 1226 1162 tumulum,
1259 1080 1320 1150 ubi
1427 1081 1555 1152 Theod.
1583 1077 1698 1152 lluins
1713 1079 1898 1173 negotium
1915 1092 1986 1163 est,
2011 1079 2181 1163 ardicis,
2210 1079 2329 1170 sepelire

739 1187 793 1258 vis
811 1186 849 1255 in
869 1197 974 1255 terra.
1789 1182 1973 1254 maritum.

372 1305 449 1376 atet
477 1298 563 1371 Non
574 1295 629 1368 'sic
644 1291 836 1385 sepelimus
853 1289 1059 1388 naufragos.
1424 1285 1520 1354 Men.
1544 1283 1615 1356 Res
1630 1286 1688 1377 pia
1704 1298 1768 1369 est,
1793 1309 1868 1356 non
1882 1287 2097 1356 defraudare
2115 1283 2331 1356 mortnossuls

376 1405 509 1480 tteoct.
544 1397 740 1494 Quomodo
762 1388 896 1482 igitur?
936 1388 1065 1480 ignoro
1090 1385 1184 1476 leges
1201 1385 1321 1464 ,Grae-
1789 1387 1902 1460 iustis.
1983 1421 1986 1430 ’

742 1515 878 1563 corum.
1428 1491 1559 1560 Theocl.
1597 1489 1650 1560 Sit
1675 1515 1794 1561 meum
1826 1487 1959 1562 habere
1983 1491 2174 1584 coniugem
2195 1512 2261 1558 non
2277 1487 2332 1580 pol·

374 1615 451 1686 Hel.
476 1606 720 1700 Exportamus
734 1596 773 1664 in
788 1617 907 1678 mare,
934 1617 1026 1687 quae
1044 1589 1212 1670 convenit
1226 1613 1322 1665 mor·
1783 1593 1910 1667 lutam.

738 1697 820 1768 tuis.
1376 1689 1475 1766 1295
1502 1692 1657 1766 Veniens
1671 1695 1710 1764 in
1727 1696 1875 1766 domum
1891 1698 2051 1767 adieram
2070 1705 2329 1789 apparatumpro

380 1815 512 1890 theoct.
539 1807 638 1901 Quid
653 1799 827 1874 exhibebo
847 1810 992 1868 mortno
1009 1809 1045 1866 et
1059 1795 1148 1866 tihi?
1786 1812 1951 1884 mortuo,

328 1918 429 1996 1265
455 1915 532 1990 Hel.
558 1907 704 1984 Nescio;
732 1926 797 1994 ego
812 1925 889 1981 sum
909 1899 1074 1992 imperita
1098 1899 1247 1970 istarum
1267 1923 1322 1966 re·
1426 1897 1473 1968 Et
1488 1897 1631 1968 dimitto
1650 1911 1684 1970 te
1701 1923 1744 1970 cx
1757 1914 1852 1971 terra
1867 1901 2085 1983 neumenia
2098 1900 2259 1972 manibus

503 2037 606 2095 rum,
633 2033 712 2079 cum
729 2005 830 2098 prius
845 1999 936 2072 nihil
951 2003 1021 2072 tale
1038 1997 1129 2072 mihi
1144 2001 1322 2082 acciderit.
1425 2000 1644 2071 servientem
1661 1999 1755 2074 huic.
1810 2005 1900 2084 Cum
1916 2001 2006 2092 mihi
2025 2007 2164 2075 famam
2181 2006 2296 2076 bonan

384 2119 517 2196 Theocl.
544 2114 578 2184 Ο
595 2110 745 2202 hospes,
772 2121 912 2198 gratum
928 2106 1094 2176 nuntium
1111 2105 1272 2176 attulisti.
1426 2102 1617 2189 Attuleris,
1642 2129 1710 2197 pro
1725 2109 1891 2180 sordibus
1907 2109 1982 2182 istis

377 2229 477 2298 Men.
505 2217 588 2292 Non
605 2211 714 2295 mihi,
740 2233 858 2304 neque
871 2223 1027 2280 mortuo.
1426 2207 1588 2298 Accipies
1604 2221 1737 2280 vestem
1758 2225 1793 2282 et
1808 2213 1947 2297 cibum,
1973 2211 2067 2284 utin
2083 2211 2237 2305 patriam

385 2323 514 2400 Theocl.
555 2317 748 2412 Quomodo
778 2313 933 2404 sepelitis
963 2326 1144 2396 mortuos,
1193 2311 1256 2406 qui
1287 2311 1323 2380 in
1380 2309 1478 2381 1300
1504 2309 1655 2396 Venias,
1681 2317 1827 2406 qnando
1845 2316 1949 2388 video
1967 2329 2001 2385 te
2022 2316 2199 2387 miserum
2216 2331 2291 2382 esse·

745 2416 839 2486 mari
855 2415 1063 2508 perierunt?
1427 2413 1486 2482 Tu
1501 2439 1587 2483 vero
1598 2467 1619 2497 ‚.
1634 2439 1657 2484 o
1672 2415 1822 2503 misera,
1848 2442 1923 2488 nun
1940 2421 1979 2490 in
1994 2444 2033 2489 re
2054 2418 2180 2492 inutili

382 2533 479 2603 Men.
508 2524 622 2594 Prout
637 2533 720 2591 sunt
735 2519 1011 2612 uniuscuiusque
1027 2519 1225 2590 facultates.
1426 2515 1570 2587 Crucias
1586 2529 1620 2588 te
1637 2517 1764 2610 ipsam.
1816 2521 2001 2594 Menelaus
2015 2524 2164 2594 iunctus
2183 2534 2233 2592 est
2247 2517 2324 2592 lato,

335 2634 434 2710 1270
465 2629 594 2702 lheorl.
611 2623 691 2710 Dic,
717 2626 815 2717 quod
834 2626 879 2694 ad
896 2635 1059 2714 sumptus
1073 2620 1213 2704 attinet,
1229 2622 1325 2716 quic·
1428 2619 1551 2714 Neque
1567 2634 1684 2712 potest
1700 2623 1822 2694 vivere
1838 2627 1989 2697 maritus
2005 2640 2090 2699 tuus
2106 2639 2276 2696 mortuus.

644 2725 731 2822 quid
748 2727 866 2809 voles,
892 2737 1040 2818 propter
1055 2720 1149 2794 hanc
1164 2725 1325 2817 accipies.
1429 2726 1526 2797 Me».
1566 2724 1687 2796 Tuum
1723 2727 1877 2798 officium
1914 2741 1986 2813 est,
2036 2755 2060 2800 o
2097 2719 2347 2800 adolescentula,

384 2843 481 2914 Men.
508 2832 672 2906 Primum
690 2841 868 2898 mactatur
882 2828 1026 2920 sangnis
1043 2826 1207 2899 mortuis.
1787 2845 2012 2924 praesentem

386 2941 518 3016 Theocl.
545 2933 678 3006 Cuius?
705 2945 745 3004 tu
760 2931 878 3002 indica
895 2927 1005 3016 mibi,
1032 2955 1097 3023 ego
1113 2931 1260 3023 parebo.
1381 2925 1478 3000 1305
1505 2929 1676 3002 Maritum
1699 2946 1843 3026 oportet
1861 2957 2004 3021 amare,
2037 2949 2074 3006 et
2098 2959 2203 3018 eum,
2233 2929 2289 3026 qui
2306 2949 2349 3018 pe·

383 3049 481 3120 Men.
507 3040 567 3112 'l'u
581 3035 838 3132 ipselstatuitm
865 3035 1051 3119 sufficient,
1068 3057 1159 3130 quae
1175 3034 1325 3104 dederis.
1787 3039 1869 3122 rin,
1896 3039 2081 3109 omittere:

388 3147 517 3222 Theocl.
551 3143 658 3236 Apud
679 3141 855 3212 barbaros
878 3163 956 3210 mos
979 3152 1049 3221 est,
1098 3161 1232 3232 equum
1266 3151 1325 3208 aut
1429 3135 1506 3204 Hoc
1524 3135 1590 3206 tibi
1607 3136 1782 3229 optimum
1800 3154 1852 3212 est
1870 3145 1914 3210 ad
1934 3155 2164 3237 praesentem
2181 3160 2304 3212 casum.

743 3257 899 3314 taurum.
1220 3307 1223 3318 ,
1430 3239 1538 3332 Quod
1555 3240 1732 3311 sivenero
1748 3242 1787 3312 in
1802 3243 2009 3330 Graeciam,
2036 3259 2074 3316 et
2092 3247 2201 3318 luero
2218 3241 2334 3316 salvus,

337 3349 434 3432 1275
462 3355 558 3426 Mers.
587 3349 624 3420 si
648 3347 701 3420 vis
726 3345 863 3440 aliquid
885 3347 993 3427 dare,
1026 3337 1118 3413 nihil
1140 3343 1202 3414 des
1224 3365 1327 3433 gene·
1429 3343 1581 3435 Qualem
1602 3345 1702 3414 decet
1718 3369 1791 3417 esse
1806 3359 1839 3416 te
1857 3361 1919 3418 tuo
1937 3349 2095 3434 marito,

663 3490 667 3503 ·
738 3473 822 3519 roso
839 3448 1041 3537 indignum.
1430 3445 1563 3517 sitatis
1588 3448 1717 3518 mulier
1739 3449 1867 3547 fueris,
1902 3475 1967 3542 ego
1988 3475 2224 3544 compescam
2243 3440 2347 3540 priore

390 3561 520 3635 Theocl.
545 3557 630 3630 Non
649 3577 810 3624 caremus
825 3549 895 3624 illis
911 3552 948 3618 in
964 3545 1096 3618 nostris
1111 3547 1286 3640 gregibus.
1785 3554 1829 3622 de
1847 3565 1881 3622 tc
1894 3579 2079 3627 sermones
2090 3555 2156 3654 ¹¹⁹).

383 3668 480 3738 Men.
507 3661 553 3730 Et
569 3659 692 3728 afferte
709 3657 839 3724 lectum
855 3665 1006 3724 stratum
1022 3650 1098 3720 sine
1113 3674 1276 3744 corpore.
1383 3650 1482 3722 1310
1508 3654 1584 3724 Hel.
1610 3651 1716 3724 Fient
1728 3650 1833 3726 haec:
1860 3657 2108 3754 nunquamn)
2134 3655 2284 3728 maritus
2302 3637 2346 3714 tul·

389 3769 519 3840 lheoel.
545 3761 644 3842 Fiet;
671 3759 757 3854 quid
775 3769 959 3850 praeterea
976 3755 1104 3824 afferre
1119 3778 1198 3826 mos
1212 3753 1287 3828 est?
1790 3759 1891 3852 pabit

385 3875 483 3944 Men.
509 3867 620 3938 Arma
637 3885 769 3940 aenea;
795 3885 878 3928 nam
895 3859 964 3928 luit
977 3857 1141 3928 bellator.
1431 3855 1510 3936 Me;
1538 3870 1595 3941 tu,
1621 3859 1684 3952 qni
1702 3884 1815 3954 prope
1831 3865 1935 3946 ades,
1960 3862 2048 3933 scies
2067 3863 2153 3936 ista.

340 3977 437 4050 1280
473 3971 603 4045 lhaocl.
644 3965 764 4056 Digna
787 3975 893 4032 erunt
920 3958 1008 4032 haec
1030 3961 1197 4044 Graecis,
1236 3983 1328 4052 quae
1429 3958 1587 4044 Verum,
1615 3962 1779 4048 umber,
1805 3965 1899 4034 intra
1917 3978 1952 4039 et
1966 3965 2070 4049 lara,

670 4151 672 4156 Ι
746 4065 920 4138 dabimus.
1431 4060 1478 4131 Et
1491 4077 1591 4134 muta
1607 4078 1758 4150 vestam,
1784 4091 1858 4138 non
1874 4071 1919 4138 ad
1936 4091 2081 4138 moram

387 4182 484 4250 Men.
519 4174 710 4245 Praeterea
735 4163 1027 4262 omniapulchra
1054 4163 1214 4258 germina
1245 4173 1327 4230 nata
1431 4164 1659 4236 Benelaciam
1675 4169 1760 4249 tibi;
1786 4171 1954 4242 libentius
1970 4171 2067 4240 enim

755 4287 905 4344 eterra.
1099 4315 1102 4324 .
1383 4263 1482 4339 1315
1508 4266 1727 4342 Charissimo
1744 4297 1823 4343 meo
1837 4274 2003 4344 Menelao
2020 4267 2277 4346 convenientia

391 4385 520 4456 theoct
548 4379 741 4474 Quomodo
756 4377 934 4462 inductus
950 4376 1010 4444 illa
1027 4365 1209 4440 demittis?
1431 4371 1583 4456 Feceris,
1600 4375 1630 4446 si
1646 4377 1874 4471 consequaris
1890 4401 1909 4446 a
1925 4378 2042 4461 nobis,
2065 4402 2168 4473 quae
2182 4388 2218 4445 te
2233 4363 2352 4461 oporltl·

386 4489 483 4562 Men.
515 4481 675 4578 Nuncoe)
701 4479 897 4575 oportetffl)
929 4491 964 4548 et
992 4475 1248 4566 gubernatores
1275 4490 1329 4536 re·
1721 4527 1938 4628 [strophe
1969 4527 2030 4630 1.]

883 4611 904 4650 l·

394 4660 523 4760 Theod.
551 4688 733 4783 Quantum
748 4609 970 4780 iphhlinarcet
985 4677 1129 4746 classem
1147 4699 1166 4742 a
1185 4671 1304 4742 terra?
1434 4666 1531 4736 otor.
1559 4665 1680 4734 Veloci
1697 4671 1786 4758 pede
1803 4681 1973 4740 montana

343 4790 440 4866 1285
466 4797 562 4865 Men.
588 4791 638 4864 Ut
662 4792 721 4862 vix
743 4785 901 4879 conspici
921 4779 1059 4873 possint
1080 4803 1099 4847 a
1121 4778 1242 4848 littore
1264 4775 1329 4844 llu-
1432 4766 1550 4838 Mater
1566 4768 1724 4842 Deorum
1740 4771 1921 4842 festinavit

742 4907 818 4964 ctus
834 4909 926 4958 crrca
943 4908 1083 4956 navem.

394 5003 521 5074 mm·
549 5001 669 5095 Qum
684 4995 780 5068 hunc
796 5013 936 5064 mmm
953 4989 1039 5058 com
1052 4981 1227 5058 Graan?
1415 5055 1463 5122 70)
1483 5057 1822 5120 Qualem-sermonen]
1841 5059 1884 5109 bic
1901 5060 1995 5111 horum
2014 5059 2134 5109 duorum
2156 5059 2278 5104 versun!
2295 5035 2353 5111 ⁰¹ll’

1450 5139 1529 5190 quea
1547 5127 1630 5176 narse.
1652 5127 1741 5192 rese,
1763 5127 1836 5180 rasa.
1856 5131 1982 5192 exalter,
2006 5128 2142 5192 congrua
2161 5100 2352 5186 anamael

370 5215 418 5284 18)
436 5219 528 5280 Nune]
546 5217 587 5268 alo
604 5215 689 5268 lldltt.
706 5213 799 5274 lbos..
820 5211 897 5262 1061.
916 5213 964 5272 (τ-
976 5209 1027 5263 nt.
1040 5205 1124 5260 null.
1141 5203 1217 5258 11111.
1235 5199 1310 5269 Νῦν)
1321 5219 1330 5266 3
1454 5197 1547 5259 15615
1574 5197 1602 5246 in
1614 5197 1698 5248 111111.
1718 5201 1820 5253 recent.
1834 5199 1863 5248 ta
1876 5201 1952 5248 textu
1971 5211 2013 5261 gr.
2032 5201 2063 5248 et
2083 5197 2206 5256 interpr.
2222 5185 2308 5240 ordor
2321 5183 2352 5221 ¹¹·

405 5287 490 5338 mitt,
508 5289 611 5338 recent,
627 5281 710 5334 Ναῠμ
726 5309 762 5320 -
779 5283 890 5334 Navem,
1448 5277 1532 5314 verso
1551 5277 1652 5316 versus
1672 5265 1747 5319 1109.
1766 5267 1861 5318 verant
1881 5267 1955 5319 1208.
1975 5266 2127 5329 praecedit.

371 5375 420 5434 ⁰⁹)
438 5375 562 5436 oportet]
579 5369 720 5422 1111111111.
734 5367 821 5431 1130,
839 5365 933 5429 1312.;
955 5363 1041 5416 nette
1055 5363 1159 5414 emant.
1178 5358 1228 5426 (z
1235 5356 1329 5422 llam
1415 5344 1463 5412 71)
1483 5347 1563 5398 Fient
1581 5349 1661 5428 baec:
1688 5361 1826 5411 nunqnam
1846 5389 1852 5401 .
1872 5389 1880 5404 .
1900 5353 1922 5412 .]
1941 5349 1983 5400 slo
1996 5351 2100 5408 Rern,
2119 5349 2224 5408 Mosgc.
2247 5337 2289 5400 t:
2301 5321 2351 5376 test

407 5439 449 5494 δεῖ
464 5437 609 5508 παρεῖναι)
627 5439 736 5502 oportet
752 5437 860 5490 adesse.
1450 5419 1524 5480 this
1545 5417 1632 5472 111111.
1650 5417 1740 5483 lm,
1761 5419 1838 5474 1111.
1855 5419 1936 5472 111111
1954 5421 2024 5470 taso
2036 5425 2189 5480 unam.
