4844 6122
101 199 141 276 41
266 193 408 270 XLVll.
454 193 853 270 lN‘l'El'cPllE'l'A'l'lO
877 191 1050 268 OPERIS
1076 189 1463 290 QUADRIPARTlTl
1485 189 1770 266 PTOLEMAEI
1801 191 1892 265 LlB.
1906 189 1949 266 ll.
2079 189 2130 268 42

102 369 472 453 communicationem,
512 369 640 455 fidem,
679 393 840 440 amorem
873 391 956 460 erga
986 391 1082 450 suos,

103 489 132 548 ct
147 471 425 545 beneficentiam.
477 471 593 563 Magis
619 485 737 543 autem
761 484 929 542 naturam
949 469 1082 543 Arietis

104 591 134 648 ct
159 576 274 648 Martis
301 575 471 645 referunt
506 573 713 660 Britannia,
750 575 953 666 Belginum,
993 574 1082 644 Ger·

105 683 229 766 mania,
248 676 457 750 bastarnia.
510 677 632 772 Quare
649 677 686 747 in
705 675 761 749 his
780 678 986 769 regionibus
1008 699 1082 744 ma-

110 809 170 876 gna
191 809 231 853 cs
248 793 343 874 parte
368 775 537 852 homiues
559 793 642 852 sunt
661 781 775 873 magis
793 780 862 852 ieri
891 793 926 850 et
955 793 1082 852 truces.

42 943 43 982 .
113 885 223 967 ltalia,
246 885 389 976 Apulia,
424 882 541 954 Gallia
567 895 707 976 togata,
742 884 882 966 Sicilia,
921 881 1080 956 Leonem

41 1019 43 1084 j
125 987 257 1060 ctSolcn
276 985 394 1078 magis
421 987 601 1056 referunt:
635 987 718 1056 ideo
743 985 1001 1058 dominationis
1023 1009 1083 1056 cu·

41 1105 42 1110 ’
122 1090 272 1183 pidisunt,
310 1089 463 1160 benefici
479 1101 517 1158 et
532 1088 645 1181 magis
662 1104 824 1160 amantes
840 1087 1082 1160 communica-

117 1191 216 1274 tionis;
252 1187 442 1288 Tyrrheni
463 1213 550 1262 vero
573 1205 609 1262 et
626 1191 747 1263 Celtae
768 1205 803 1264 et
818 1191 988 1283 Hispani,
1020 1190 1083 1260 Sa·

111 1297 264 1387 gittarium
311 1309 349 1366 et
379 1291 525 1366 lovem:
578 1317 690 1390 quare
730 1294 921 1366 munditiei
958 1315 1083 1362 aman-

37 1447 40 1500 Γ
108 1413 151 1470 tcs
165 1411 247 1476 sunt.

193 1501 340 1596 Reliqua
370 1499 450 1570 loca
478 1493 585 1570 huius
608 1499 818 1594 quadrantis
838 1497 1019 1590 vergentia
1043 1495 1081 1565 in

110 1605 241 1676 medium
262 1603 377 1674 totius
400 1615 538 1686 terrae,
568 1597 747 1685 Thracia,
780 1600 1012 1682 Macedonia,
1037 1597 1082 1668 ll-

109 1707 256 1801 lpricum,
286 1705 464 1789 Graecia,
496 1700 653 1788 Achaia,
686 1701 813 1788 Creta,
853 1704 991 1776 insulae
1014 1701 1082 1796 Cy·

111 1813 218 1894 clades,
231 1824 264 1881 ct
279 1809 462 1880 maritima
477 1807 558 1878 loca
573 1807 680 1878 Asiae
695 1807 859 1892 minoris,
881 1819 917 1876 et
930 1805 1083 1899 Cyprus,

112 1913 283 2006 spectantia
309 1935 435 1983 vasus
469 1923 589 1980 ortum
618 1911 818 1981 brumalem
852 1908 961 1980 totius
994 1931 1082 2001 qua-

112 2015 255 2096 drantis,
276 2007 642 2086 adsumuntnatu'rarn
658 2012 848 2103 trianguli,
882 2009 945 2106 qui
967 2009 1082 2080 domi-

86 2115 93 2126 “
122 2129 220 2186 natur
232 2117 268 2184 in
279 2129 356 2186 ortu
367 2116 541 2200 baumadi,
568 2115 701 2186 scilicet
715 2115 849 2197 Tauri,
874 2113 1034 2204 Virginis
1048 2123 1082 2181 et

127 2219 321 2311 Capricorni,
344 2233 376 2289 ct
391 2221 568 2290 accedunt
581 2218 721 2304 Venus,
747 2219 923 2288 Saturnus
940 2213 1081 2288 ctMcr·

115 2323 226 2394 curius
283 2323 375 2394 Sunt
404 2323 515 2414 igitur
547 2345 669 2391 earum
700 2321 887 2412 regionum
917 2316 1082 2390 homines

110 2425 206 2517 magis
225 2428 317 2500 inter
330 2449 369 2496 sc
385 2425 522 2496 similes
539 2437 574 2502 et
590 2425 798 2517 temperati,
823 2423 1082 2494 dominationis

111 2531 225 2620 cupidi,
248 2527 437 2623 generosi,
460 2527 689 2620 impatientes
708 2527 907 2610 servitutis,
933 2539 1082 2618 propter

107 2630 253 2714 Martcm3
301 2630 459 2704 studiosi
480 2632 631 2702 musices
657 2631 859 2714 doctrinae,
894 2629 1081 2712 libertatis,

103 2759 154 2806 sao
167 2737 314 2808 consilio
329 2733 589 2806 constituentes
610 2734 848 2826 respublicas,
869 2733 1080 2826 popularem

100 2840 385 2930 gobernatiouem
415 2849 599 2920 amantes,
630 2839 900 2928 legumlatores,
933 2849 1082 2928 propter

97 2941 220 3026 lorcm;
253 2951 424 3012 amantes
444 2939 644 3031 spectacula
670 2953 706 3010 et
728 2939 964 3025 munditiem,
997 2963 1081 3033 pro·

98 3059 166 3138 pter
175 3046 375 3125 Venerem
402 3065 541 3126 comcs,
561 3039 776 3136 hospitales,
802 3042 959 3112 iustitiae
975 3057 1011 3112 et
1025 3044 1081 3114 lit·

100 3161 237 3220 terarum
260 3161 297 3220 et
322 3144 553 3240 eloquentiae
576 3145 747 3230 studiosi,
775 3158 926 3238 propter
940 3145 1082 3218 Mercu·

35 3262 55 3316 t
92 3251 187 3324 mum.
235 3251 383 3324 Rursus
400 3273 444 3318 ex
459 3243 515 3319 his
536 3249 678 3343 aliquae
699 3249 863 3342 regiones
887 3248 1001 3338 magis
1025 3273 1081 3318 re·

90 3357 196 3426 lenmt
210 3368 388 3426 naturam
406 3351 520 3422 Tauri
535 3367 570 3424 et
584 3351 752 3434 Veneris;
779 3351 942 3422 videlicet
958 3350 1081 3446 Cycla·

88 3461 143 3530 des
158 3473 191 3529 ct
207 3458 395 3528 maritima
413 3479 476 3524 ora
492 3455 644 3526 minoris
657 3455 781 3539 Asiae,
808 3455 959 3550 Cyprus.
995 3451 1080 3524 ldeo

88 3586 209 3654 magna
227 3572 394 3652 exparte
410 3558 461 3627 illi
478 3554 643 3630 homines
658 3571 742 3631 sunt
755 3560 867 3629 dediti
891 3559 1082 3652 voluptati·

87 3663 159 3748 bus,
175 3677 344 3734 amantes
361 3663 576 3732 munditiem
594 3675 630 3733 ct
647 3687 799 3756 corpora
818 3663 1006 3756 diligenter
1022 3689 1081 3734 cu·

85 3781 214 3838 rantes.
267 3765 429 3858 Virginis
445 3779 564 3836 autem
579 3779 614 3835 et
628 3765 800 3836 Mercurii
815 3779 982 3838 naturam
1005 3791 1081 3836 ma·

1133 391 1229 453 rem,
1255 389 1348 461 quac
1363 366 1409 436 ab
1423 365 1510 458 ipsis
1524 377 1755 456 nnnmspatur
1770 361 1850 446 Isiss
1881 377 1919 436 et
1935 364 2132 436 Saturnum

1133 484 1168 540 et
1184 471 1325 554 Solem,
1352 491 1458 563 quem
1475 481 1607 540 vocant
1622 463 1813 548 Mithram;
1840 481 1875 537 ct
1895 467 2030 538 multae
2046 479 2132 541 suut

1133 573 1185 644 ibi
1201 585 1351 644 naturae
1366 571 1560 654 vatidicae,
1587 584 1622 642 et
1646 583 1901 642 consecrantur
1924 571 1972 640 ibi
1996 573 2133 662 puden·
2223 649 2228 658 ,

1134 678 1202 746 dae
1219 699 1411 766 corporum
1430 687 1569 767 partes,
1594 673 1676 768 quia
1696 675 1835 766 positus
1850 675 1907 742 ille
1922 697 2044 744 semen
2068 699 2131 744 acu-

1133 793 1203 872 get.
1267 777 1430 872 Suntque
1457 789 1579 868 gentes
1602 777 1685 846 illae
1708 777 1845 848 calidae
1869 789 1904 844 et
1926 801 2063 869 pronae
2084 777 2131 846 ad

1134 881 1363 952 concubitum
1400 893 1437 950 et
1466 881 1657 963 libidines,
1708 879 1849 950 deditae
1879 879 2063 952 saltationi
2095 889 2132 950 et

1133 997 1296 1056 amantes
1329 997 1478 1054 ornatus
1509 997 1658 1076 propter
1690 981 1888 1067 Venerem,
1937 997 1972 1054 et
2004 981 2127 1053 lurum

1136 1099 1347 1182 quaerentes
1376 1099 1526 1178 propter
1547 1086 1756 1158 Saturnum.
1822 1085 1948 1156 Palam
1984 1095 2131 1156 vernet

1134 1215 1210 1262 non
1229 1190 1267 1258 iu
1284 1190 1422 1258 occulto
1439 1213 1519 1258 cum
1538 1188 1746 1260 mulieribus
1763 1192 2018 1272 concumbunt,
2045 1212 2130 1282 pro·

1135 1307 1255 1386 pterea
1281 1294 1378 1387 quod
1404 1292 1568 1383 planetae
1596 1292 1763 1362 orientali
1785 1293 1904 1384 positu
1933 1295 1983 1364 eis
2014 1291 2131 1362 domi·

1133 1409 1289 1475 uantur,
1330 1395 1539 1466 concubitus
1569 1419 1656 1464 vero
1690 1398 1930 1466 masculorum
1963 1398 2130 1468 oderunt.

1134 1497 1241 1568 Multi
1260 1497 1367 1566 etiam
1386 1523 1466 1567 cum
1486 1497 1661 1569 matribus
1674 1501 1966 1570 consuetudinem
1985 1496 2131 1583 hahent,

1134 1614 1170 1672 et
1185 1613 1329 1692 pectore
1346 1601 1523 1692 supplices
1537 1613 1655 1691 gestus
1671 1603 1803 1685 edunt,
1835 1617 1984 1694 propter
2009 1617 2129 1671 ortum

1133 1701 1371 1786 matutinum,
1399 1717 1433 1772 et
1450 1704 1532 1798 quia
1551 1703 1706 1796 pectoris
1721 1705 1944 1798 principatus
1966 1705 2132 1796 congruit

1134 1831 1214 1878 cum
1240 1805 1334 1874 Sole.
1394 1807 1530 1879 Amant
1562 1807 1600 1876 in
1630 1805 1761 1878 vestitu
1785 1821 1820 1877 et
1840 1809 2009 1879 universo
2032 1809 2130 1878 cultu

1134 1907 1316 2001 corporis,
1338 1905 1493 1978 nitorem
1512 1909 1774 1982 etmunditiem
1792 1913 2022 1993 muliebrem,
2046 1935 2130 2004 pro-

1134 2025 1214 2103 pter
1228 2009 1426 2091 Venerernc
1453 2023 1489 2082 et
1513 2025 1635 2084 tamen
1659 2015 1790 2085 animis
1814 2029 1849 2085 et
1871 2017 2026 2087 consiliis
2047 2025 2132 2084 sunt

1134 2113 1299 2206 generosi
1319 2126 1355 2182 et
1376 2115 1554 2200 bellicosi,
1595 2131 1745 2208 propter
1771 2131 1889 2188 ortum
1913 2118 2129 2190 matutinum

1134 2215 1292 2287 Saturni.
1344 2215 1579 2288 Peculiariter
1594 2243 1681 2289 vero
1698 2221 1813 2312 magis
1828 2245 1846 2288 a
1865 2221 1990 2293 Tauro
2013 2234 2048 2291 et
2061 2219 2131 2290 Ve-

1133 2343 1219 2390 nere
1236 2331 1411 2410 reguntur
1424 2317 1593 2406 Parthia,
1618 2322 1738 2392 Media
1762 2337 1797 2392 et
1812 2323 1947 2394 Persia.
2009 2325 2131 2418 Quare

1134 2417 1262 2494 harum
1286 2423 1475 2512 regionum
1500 2426 1639 2496 incolae
1662 2425 1792 2496 vestitu
1813 2439 1965 2496 utuntur
1988 2428 2132 2512 florido,

1133 2537 1329 2618 teguntque
1345 2538 1419 2596 tota
1439 2553 1590 2621 corporo
1608 2542 1751 2620 praeter
1768 2541 1907 2620 pectus,
1935 2542 1970 2600 et
1992 2530 2029 2598 in
2051 2530 2131 2600 uui·

1133 2653 1275 2699 versum
1294 2628 1503 2701 deliciarum
1518 2646 1553 2700 et
1568 2631 1756 2702 munditiei
1772 2633 1921 2704 studiosi
1938 2647 2032 2704 sunt.

1235 2732 1270 2804 A
1285 2729 1434 2824 Virgine
1459 2747 1495 2804 et
1515 2733 1698 2808 Mercurio
1717 2751 1892 2827 reguntur
1916 2736 2131 2832 Babylonia,

1133 2833 1418 2927 Mesopotamia,
1457 2839 1622 2932 Assyria,
1671 2863 1770 2938 quael
1796 2841 1878 2910 ideo
1915 2841 2132 2912 antecellunt

1134 2937 1338 3030 cognitione
1354 2937 1614 3012 anathematum
1640 2957 1674 3014 et
1699 2941 1950 3014 observatione
1966 2959 2131 3016 motuum

1133 3042 1339 3112 coelestium
1356 3055 1391 3112 et
1405 3044 1575 3117 siderum.
1627 3047 1661 3118 A
1676 3045 1899 3139 Capricorno
1916 3073 2002 3118 vero
2018 3061 2054 3118 et
2069 3046 2133 3119 Sa·

1134 3157 1242 3214 turno
1265 3159 1440 3236 reguntur
1460 3145 1582 3232 ludia,
1615 3150 1771 3234 Ariana,
1813 3149 2006 3222 Gedrosia:
2048 3153 2131 3222 ideo

1133 3273 1255 3318 earum
1271 3247 1461 3340 regionum
1480 3253 1634 3325 cultores
1650 3265 1734 3323 suut
1752 3253 1951 3339 deformes,
1976 3253 2132 3324 immun-

1132 3351 1190 3435 di,
1219 3351 1368 3422 beluiui.

1235 3453 1355 3524 Media
1372 3481 1458 3528 vero
1476 3457 1554 3526 loca
1570 3453 1677 3530 huius
1692 3460 1921 3554 quadrantis,
1947 3459 2131 3544 Idumaea,

1133 3580 1218 3625 cava
1243 3557 1367 3651 Syria,
1406 3557 1557 3644 Iudaea,
1592 3557 1794 3648 Phoenice,
1828 3562 2030 3650 Chaldaea,
2061 3562 2132 3634 Or·

1133 3655 1273 3744 chinia,
1306 3663 1441 3732 Arabia
1464 3665 1568 3746 felix,
1603 3679 1765 3758 spectant
1788 3669 2069 3760 septentrionem
2095 3677 2132 3736 et

1133 3787 1319 3849 occasum,
1345 3766 1443 3836 iusta
1457 3768 1565 3838 situm
1583 3769 1772 3840 universae
1794 3783 1923 3844 terrae.
1981 3769 2045 3840 Est
2067 3767 2132 3860 igi-

84 3871 136 3962 gis
154 3871 319 3940 referunt
339 3869 513 3952 Graecia,
545 3865 703 3952 Achaia,
738 3869 856 3940 Creta.
922 3867 1007 3939 ldco
1030 3869 1080 3938 ibi
1133 3879 1192 3936 tur
1222 3869 1389 3960 cognatio
1420 3895 1501 3940 cum
1535 3871 1729 3964 triangulo·
1746 3899 1891 3946 necessus
1921 3873 2130 3956 solstitialis,

86 3967 254 4042 homines
280 3985 363 4044 sunt
391 3971 542 4043 studiosi
571 3972 776 4056 doctrinae,
809 3985 845 4042 et
863 3971 977 4064 magis
1003 3973 1074 4040 ani·
1131 3971 1276 4054 Ariete,
1302 3970 1703 4066 LeoneetSagittario;
1739 3991 1774 4046 et
1796 3991 1967 4069 praesunt
1983 3973 2130 4068 Iupiter,

81 4101 185 4145 rnarn
201 4099 307 4170 quam
324 4099 479 4168 corpora
497 4089 710 4146 exercentes.
1133 4073 1233 4146 Mars
1248 4075 1507 4148 etMercurius.
1545 4075 1672 4174 ltaque
1686 4076 1754 4150 hae
1770 4095 1892 4172 gentos
1905 4080 2019 4172 magis
2031 4103 2131 4149 exer·

186 4178 400 4270 Capricorni
417 4202 505 4248 vero
521 4191 555 4248 et
571 4177 718 4249 Saturni
732 4189 899 4250 naturam
921 4179 1081 4248 referunt
1132 4190 1215 4246 cerst
1231 4193 1450 4250 mercaturas
1475 4193 1511 4250 ct
1536 4205 1656 4252 recum
1674 4186 1972 4275 permutationes,
1997 4197 2032 4254 et
2047 4195 2131 4254 sunt

79 4281 319 4367 Macedonia,
345 4277 501 4352 Thracia
521 4279 761 4374 etlllyricum.
818 4278 902 4350 ldeo
926 4295 1011 4351 sunt
1030 4281 1080 4350 ibi
1131 4280 1245 4370 magis
1266 4284 1421 4370 versuti,
1460 4285 1704 4376 periculorum
1728 4299 1993 4380 contemptores
2017 4299 2053 4356 et
2075 4286 2131 4354 in-

80 4381 250 4458 homines
284 4385 407 4477 cupidi
441 4385 673 4469 divitiarum,
714 4409 781 4453 nec
817 4383 967 4475 placidi,
1015 4406 1080 4456 nec
1132 4382 1339 4468 sidiatores,
1372 4399 1407 4454 et
1430 4387 1561 4459 animis
1582 4389 1770 4460 servilibus
1793 4403 1828 4459 et
1851 4391 2001 4460 omnino
2024 4389 2130 4474 varii,

78 4503 245 4561 amantes
268 4487 651 4559 communicationum.
1132 4497 1172 4556 ut
1187 4487 1368 4556 stellarum
1389 4489 1536 4560 interce
1561 4493 1796 4583 configuratio
1818 4493 1943 4564 talium
1967 4494 2130 4585 ingenio-

181 4589 225 4662 ln
241 4593 402 4664 emunda
419 4593 639 4685 quadrante,
664 4590 879 4684 quispectat
894 4591 1080 4679 Austrum,
1132 4613 1212 4658 rum
1230 4591 1439 4662 varietatem
1455 4593 1574 4663 efficit.
1625 4593 1672 4664 Et
1687 4591 1814 4666 harum
1830 4598 2017 4689 regionum
2041 4617 2129 4666 cava

74 4721 161 4787 pers
176 4709 232 4767 est
247 4696 538 4787 magnaeAsiae,
563 4691 684 4776 ludia,
706 4693 864 4780 Ariana,
891 4695 1080 4778 Gedrosia,
1132 4691 1257 4785 Syria,
1283 4690 1433 4776 ludaea,
1466 4691 1656 4781 ldunsaea,
1688 4700 1801 4790 magis
1822 4701 1937 4772 Arieti
1959 4711 1995 4770 et
2017 4695 2128 4768 Marti

72 4795 251 4882 Parthia,
278 4798 421 4882 Media,
452 4797 594 4881 Persia,
622 4797 841 4890 Babylonia,
875 4797 1080 4888 Mesopotas
1132 4795 1397 4868 attribuuntm:
1451 4811 1535 4890 sunt
1560 4799 1670 4890 igitur
1693 4803 1864 4888 audaces,
1905 4801 2128 4894 superstitio·

74 4905 173 4987 mia,
197 4903 368 4996 Assyria,
395 4903 593 4998 quaesitae
613 4914 701 4972 sum
721 4903 765 4969 ad
789 4909 909 4970 ortum
934 4901 1081 4970 bruma·
1131 4922 1218 4968 nuru
1264 4911 1530 4990 contemptores
1562 4915 1599 4971 et
1632 4903 1875 4987 insidiatorem
1929 4903 2128 4976 Phoenices

72 5007 170 5090 lesu,
203 5009 304 5102 quod
332 5009 376 5075 ad
405 5007 593 5076 universae
618 5017 734 5078 terrase
759 5003 915 5096 positum
940 5003 1078 5075 attinet.
1132 5025 1217 5069 vero
1247 5014 1283 5070 et
1312 4999 1484 5072 Chaldaei
1514 5016 1549 5074 et
1581 5003 1775 5093 Orclsinii,
1828 5008 1943 5078 laconi
1973 5021 2009 5080 ct
2031 5007 2125 5077 Soli:

70 5107 118 5180 Et
138 5121 349 5202 congruunt
362 5111 407 5178 ad
421 5103 520 5180 hosce
536 5109 738 5200 trigonum,
763 5107 894 5178 scilicet
902 5105 1078 5190 Taurum,
1131 5128 1242 5198 quare
1257 5099 1299 5172 hi
1320 5107 1432 5197 uragis
1456 5107 1602 5198 ingenui
1632 5123 1667 5193 et
1687 5111 1837 5182 benefici
1861 5125 1962 5196 sunt,
1994 5124 2032 5180 et
2053 5123 2127 5180 stu·

69 5211 264 5298 Virginem
282 5225 318 5284 et
335 5211 609 5302 Capricomum,
622 5222 868 5305 teganturque
882 5233 904 5280 a
916 5209 1077 5282 Saturno
1130 5207 1224 5278 diesi
1236 5209 1423 5280 osannae
1439 5211 1484 5279 de
1504 5211 1662 5284 siderum
1684 5229 1785 5284 motu
1809 5229 1846 5286 et
1868 5213 2127 5296 effectionibus,

70 5331 111 5386 et
135 5315 279 5388 Venere
306 5313 632 5408 oriesuuipesitu.
692 5313 757 5385 llis
787 5313 1077 5406 igituruaturae
1130 5324 1166 5382 et
1186 5335 1276 5404 prae
1299 5316 1447 5384 caeteris
1471 5318 1636 5406 gentibus
1660 5320 1783 5388 calcant
1807 5317 1940 5392 Solem.
1991 5311 2125 5388 Arabia

67 5415 210 5492 harum
233 5421 398 5514 gentium
422 5430 633 5508 congruunt.
695 5415 945 5507 Caduntanim
961 5413 1077 5486 Vene·
1128 5415 1212 5512 ielis
1242 5417 1356 5508 magis
1384 5417 1594 5488 attribuitur
1621 5419 1815 5512 Sagittario
1838 5437 1874 5495 et
1893 5419 1989 5492 lovi:
2029 5421 2127 5492 ussde
