<?xml version="1.0" encoding="UTF-8"?>
<!DOCTYPE html PUBLIC "-//W3C//DTD XHTML 1.0 Transitional//EN"
    "http://www.w3.org/TR/xhtml1/DTD/xhtml1-transitional.dtd">
<html xmlns="http://www.w3.org/1999/xhtml" xml:lang="en" lang="en">
 <head>
  <title>
</title>
<meta http-equiv="Content-Type" content="text/html;charset=utf-8" />
  <meta name='ocr-system' content='tesseract 3.04.00' />
  <meta name='ocr-capabilities' content='ocr_page ocr_carea ocr_par ocr_line ocrx_word'/>
</head>
<body>
  <div class='ocr_page' id='page_1' title='image "./operauaesupersu00melagoog/operauaesupersu00melagoog_0560.png"; bbox 0 0 4768 6100; ppageno 0'>
   <div class='ocr_carea' id='block_1_1' title="bbox 357 192 1783 436">
    <p class='ocr_par' dir='ltr' id='par_1_1' title="bbox 357 192 1783 436">
     <span class='ocr_line' id='line_1_1' title="bbox 357 192 1783 296; baseline -0.002 -20"><span class='ocrx_word' id='word_1_1' title='bbox 357 202 454 276; x_wconf 80' lang='lat'><strong>1067</strong></span> <span class='ocrx_word' id='word_1_2' title='bbox 784 291 787 296; x_wconf 22' lang='lat'>¹</span> <span class='ocrx_word' id='word_1_3' title='bbox 902 192 1025 268; x_wconf 87' lang='lat' dir='ltr'><strong>PlllL.</strong></span> <span class='ocrx_word' id='word_1_4' title='bbox 1060 193 1173 268; x_wconf 85' lang='lat' dir='ltr'><strong>MEL.</strong></span> <span class='ocrx_word' id='word_1_5' title='bbox 1209 193 1412 270; x_wconf 76' lang='lat' dir='ltr'><strong>scalpta</strong></span> <span class='ocrx_word' id='word_1_6' title='bbox 1446 195 1783 274; x_wconf 78' lang='lat' dir='ltr'><strong>PillLOLOGlCA.</strong></span> 
     </span>
     <span class='ocr_line' id='line_1_2' title="bbox 484 367 1699 436; baseline 0.008 -12"><span class='ocrx_word' id='word_1_7' title='bbox 484 369 490 374; x_wconf 76' lang='grc'><em>“</em></span> <span class='ocrx_word' id='word_1_8' title='bbox 1026 367 1382 436; x_wconf 77' lang='lat' dir='ltr'><strong>HERCULES</strong></span> <span class='ocrx_word' id='word_1_9' title='bbox 1424 370 1699 434; x_wconf 64' lang='lat' dir='ltr'>RURENS.</span> 
     </span>
    </p>
   </div>
   <div class='ocr_carea' id='block_1_2' title="bbox 372 503 2171 737">
    <p class='ocr_par' dir='ltr' id='par_1_2' title="bbox 372 503 2171 737">
     <span class='ocr_line' id='line_1_3' title="bbox 372 503 2167 616; baseline 0.004 -26"><span class='ocrx_word' id='word_1_10' title='bbox 372 515 670 616; x_wconf 59' lang='lat' dir='ltr'><strong>[Amphitrym</strong></span> <span class='ocrx_word' id='word_1_11' title='bbox 690 515 893 604; x_wconf 74' lang='lat' dir='ltr'><strong>Megara,</strong></span> <span class='ocrx_word' id='word_1_12' title='bbox 919 512 1085 602; x_wconf 80' lang='lat' dir='ltr'><strong>Lycur,</strong></span> <span class='ocrx_word' id='word_1_13' title='bbox 1112 503 1304 608; x_wconf 68' lang='lat' dir='ltr'><strong>cirrus]</strong></span> <span class='ocrx_word' id='word_1_14' title='bbox 1433 508 1498 582; x_wconf 82' lang='lat' dir='ltr'><strong>Est</strong></span> <span class='ocrx_word' id='word_1_15' title='bbox 1514 523 1633 583; x_wconf 88' lang='lat' dir='ltr'><strong>autern</strong></span> <span class='ocrx_word' id='word_1_16' title='bbox 1648 525 1748 587; x_wconf 87' lang='lat' dir='ltr'><strong>vetus</strong></span> <span class='ocrx_word' id='word_1_17' title='bbox 1763 512 2022 594; x_wconf 88' lang='lat' dir='ltr'><strong>Thebanorum</strong></span> <span class='ocrx_word' id='word_1_18' title='bbox 2039 551 2167 612; x_wconf 86' lang='lat' dir='ltr'><strong>sermo,</strong></span> 
     </span>
     <span class='ocr_line' id='line_1_4' title="bbox 727 610 2171 737; baseline 0.004 -43"><span class='ocrx_word' id='word_1_19' title='bbox 727 649 941 737; x_wconf 54' lang='lat' dir='ltr'><strong>Ampgggryg</strong></span> <span class='ocrx_word' id='word_1_20' title='bbox 1433 616 1548 684; x_wconf 82' lang='lat' dir='ltr'>Antea</span> <span class='ocrx_word' id='word_1_21' title='bbox 1565 610 1702 710; x_wconf 85' lang='lat' dir='ltr'><strong>Lycum</strong></span> <span class='ocrx_word' id='word_1_22' title='bbox 1721 619 1828 692; x_wconf 87' lang='lat' dir='ltr'><strong>luisse</strong></span> <span class='ocrx_word' id='word_1_23' title='bbox 1845 625 2015 698; x_wconf 89' lang='lat' dir='ltr'><strong>maritum</strong></span> <span class='ocrx_word' id='word_1_24' title='bbox 2034 627 2171 714; x_wconf 90' lang='lat' dir='ltr'><strong>Dircae,</strong></span> 
     </span>
    </p>
   </div>
   <div class='ocr_carea' id='block_1_3' title="bbox 395 715 2330 914">
    <p class='ocr_par' dir='ltr' id='par_1_3' title="bbox 395 715 2330 914">
     <span class='ocr_line' id='line_1_5' title="bbox 395 715 2330 898; baseline -0.023 -35"><span class='ocrx_word' id='word_1_25' title='bbox 395 791 569 887; x_wconf 85' lang='lat' dir='ltr'><strong>Quisnam</strong></span> <span class='ocrx_word' id='word_1_26' title='bbox 587 781 817 877; x_wconf 81' lang='lat' dir='ltr'><strong>hominum-⁶)</strong></span> <span class='ocrx_word' id='word_1_27' title='bbox 833 805 907 851; x_wconf 94' lang='lat' dir='ltr'><strong>non</strong></span> <span class='ocrx_word' id='word_1_28' title='bbox 925 779 1026 848; x_wconf 88' lang='lat' dir='ltr'><strong>novit</strong></span> <span class='ocrx_word' id='word_1_29' title='bbox 1042 780 1189 850; x_wconf 84' lang='lat' dir='ltr'><strong>rivalem</strong></span> <span class='ocrx_word' id='word_1_30' title='bbox 1205 779 1299 856; x_wconf 78' lang='lat' dir='ltr'><strong>Iovis</strong></span> <span class='ocrx_word' id='word_1_31' title='bbox 1434 715 1631 788; x_wconf 62' lang='lat' dir='ltr'>nmmum</span> <span class='ocrx_word' id='word_1_32' title='bbox 1661 716 1768 793; x_wconf 58' lang='lat' dir='ltr'><strong>hum</strong></span> <span class='ocrx_word' id='word_1_33' title='bbox 1799 727 1917 898; x_wconf 50' lang='lat' dir='ltr'><strong>E‘lffst’</strong></span> <span class='ocrx_word' id='word_1_34' title='bbox 1965 755 2056 826; x_wconf 56' lang='lat' dir='ltr'><strong>‘lua‘</strong></span> <span class='ocrx_word' id='word_1_35' title='bbox 2087 747 2211 826; x_wconf 60' lang='grc' dir='ltr'><strong>δεΡιειῃ</strong></span> <span class='ocrx_word' id='word_1_36' title='bbox 2243 751 2330 811; x_wconf 69' lang='lat' dir='ltr'><strong>luitis</strong></span> 
     </span>
     <span class='ocr_line' id='line_1_6' title="bbox 1826 855 1919 914; baseline 0.011 -18"><span class='ocrx_word' id='word_1_37' title='bbox 1826 855 1843 896; x_wconf 89' lang='lat' dir='ltr'><strong>a</strong></span> <span class='ocrx_word' id='word_1_38' title='bbox 1872 855 1919 914; x_wconf 88' lang='lat' dir='ltr'><strong>e,</strong></span> 
     </span>
    </p>
   </div>
   <div class='ocr_carea' id='block_1_4' title="bbox 393 883 2331 1128">
    <p class='ocr_par' dir='ltr' id='par_1_4' title="bbox 393 883 2331 1128">
     <span class='ocr_line' id='line_1_7' title="bbox 393 883 2331 1034; baseline -0.001 -19"><span class='ocrx_word' id='word_1_39' title='bbox 393 889 715 1014; x_wconf 43' lang='lat' dir='ltr'><strong>Amphitrymiem&#39;</strong></span> <span class='ocrx_word' id='word_1_40' title='bbox 738 911 843 1006; x_wconf 58' lang='lat' dir='ltr'><strong>‘luem</strong></span> <span class='ocrx_word' id='word_1_41' title='bbox 861 884 946 952; x_wconf 61' lang='lat' dir='ltr'><strong>⁰llm</strong></span> <span class='ocrx_word' id='word_1_42' title='bbox 963 883 1112 1001; x_wconf 59' lang='lat' dir='ltr'><strong>‘licam</strong></span> <span class='ocrx_word' id='word_1_43' title='bbox 1226 987 1235 1003; x_wconf 85' lang='lat'><strong>.</strong></span> <span class='ocrx_word' id='word_1_44' title='bbox 1262 989 1268 1002; x_wconf 86' lang='grc'>,</span> <span class='ocrx_word' id='word_1_45' title='bbox 1434 922 1647 1019; x_wconf 79' lang='lat' dir='ltr'>Priusquam</span> <span class='ocrx_word' id='word_1_46' title='bbox 1672 940 1788 1000; x_wconf 89' lang='lat' dir='ltr'><strong>terrae</strong></span> <span class='ocrx_word' id='word_1_47' title='bbox 1811 931 2086 1006; x_wconf 88' lang='lat' dir='ltr'><strong>dominarentur</strong></span> <span class='ocrx_word' id='word_1_48' title='bbox 2111 936 2147 1006; x_wconf 92' lang='lat' dir='ltr'><strong>in</strong></span> <span class='ocrx_word' id='word_1_49' title='bbox 2161 940 2251 1034; x_wconf 89' lang='lat' dir='ltr'><strong>equis</strong></span> <span class='ocrx_word' id='word_1_50' title='bbox 2267 945 2331 1014; x_wconf 83' lang='lat' dir='ltr'><strong>albis</strong></span> 
     </span>
     <span class='ocr_line' id='line_1_8' title="bbox 393 984 2244 1128; baseline -0.012 -60"><span class='ocrx_word' id='word_1_51' title='bbox 393 999 506 1068; x_wconf 86' lang='lat' dir='ltr'><strong>Frlrus</strong></span> <span class='ocrx_word' id='word_1_52' title='bbox 521 995 642 1066; x_wconf 81' lang='lat' dir='ltr'><strong>Perses</strong></span> <span class='ocrx_word' id='word_1_53' title='bbox 656 1002 797 1084; x_wconf 82' lang='lat' dir='ltr'><strong>gennit,</strong></span> <span class='ocrx_word' id='word_1_54' title='bbox 819 1001 958 1080; x_wconf 84' lang='lat' dir='ltr'><strong>patrem</strong></span> <span class='ocrx_word' id='word_1_55' title='bbox 975 987 1075 1055; x_wconf 81' lang='lat' dir='ltr'><strong>illurn</strong></span> <span class='ocrx_word' id='word_1_56' title='bbox 1091 984 1279 1059; x_wconf 76' lang='lat' dir='ltr'><strong>Herculis?</strong></span> <span class='ocrx_word' id='word_1_57' title='bbox 1797 1035 1998 1128; x_wconf 52' lang='lat' dir='ltr'><strong>equitantes</strong></span> <span class='ocrx_word' id='word_1_58' title='bbox 2239 1032 2244 1046; x_wconf 91' lang='lat'>.</span> 
     </span>
    </p>
   </div>
   <div class='ocr_carea' id='block_1_5' title="bbox 363 1089 2065 1676">
    <p class='ocr_par' dir='ltr' id='par_1_5' title="bbox 363 1089 2065 1676">
     <span class='ocr_line' id='line_1_9' title="bbox 394 1089 2053 1220; baseline -0.015 -50"><span class='ocrx_word' id='word_1_59' title='bbox 394 1101 468 1194; x_wconf 87' lang='lat' dir='ltr'><strong>Qui</strong></span> <span class='ocrx_word' id='word_1_60' title='bbox 480 1097 595 1168; x_wconf 89' lang='lat' dir='ltr'><strong>tenuit</strong></span> <span class='ocrx_word' id='word_1_61' title='bbox 607 1093 673 1166; x_wconf 92' lang='lat' dir='ltr'><strong>has</strong></span> <span class='ocrx_word' id='word_1_62' title='bbox 689 1089 851 1175; x_wconf 78' lang='lat' dir='ltr'>Thebas,</span> <span class='ocrx_word' id='word_1_63' title='bbox 873 1090 937 1160; x_wconf 90' lang='lat' dir='ltr'><strong>ubi</strong></span> <span class='ocrx_word' id='word_1_64' title='bbox 952 1089 1131 1178; x_wconf 89' lang='lat' dir='ltr'><strong>terrigena</strong></span> <span class='ocrx_word' id='word_1_65' title='bbox 1382 1125 1432 1196; x_wconf 80' lang='lat'><strong>30</strong></span> <span class='ocrx_word' id='word_1_66' title='bbox 1453 1123 1637 1220; x_wconf 66' lang='lat' dir='ltr'>Amphion</span> <span class='ocrx_word' id='word_1_67' title='bbox 1653 1145 1688 1200; x_wconf 57' lang='lat' dir='ltr'><strong>et</strong></span> <span class='ocrx_word' id='word_1_68' title='bbox 1702 1130 1834 1206; x_wconf 51' lang='lat' dir='ltr'><strong>Zethus</strong></span> <span class='ocrx_word' id='word_1_69' title='bbox 1880 1139 1943 1206; x_wconf 63' lang='lat' dir='ltr'>filii</span> <span class='ocrx_word' id='word_1_70' title='bbox 1959 1137 2053 1212; x_wconf 60' lang='lat' dir='ltr'><strong>Iovis</strong></span> 
     </span>
     <span class='ocr_line' id='line_1_10' title="bbox 363 1191 2065 1286; baseline -0.014 -11"><span class='ocrx_word' id='word_1_71' title='bbox 363 1201 391 1274; x_wconf 82' lang='grc'><strong><em>5</em></strong></span> <span class='ocrx_word' id='word_1_72' title='bbox 416 1203 522 1274; x_wconf 85' lang='lat' dir='ltr'>Sedes</span> <span class='ocrx_word' id='word_1_73' title='bbox 538 1211 697 1272; x_wconf 88' lang='lat' dir='ltr'><strong>satorum</strong></span> <span class='ocrx_word' id='word_1_74' title='bbox 715 1194 930 1264; x_wconf 79' lang='lat' dir='ltr'><strong>exuentibus</strong></span> <span class='ocrx_word' id='word_1_75' title='bbox 940 1191 1108 1275; x_wconf 87' lang='lat' dir='ltr'><strong>effloruit,</strong></span> <span class='ocrx_word' id='word_1_76' title='bbox 1124 1216 1328 1286; x_wconf 83' lang='lat' dir='ltr'><strong>eanorum</strong></span> <span class='ocrx_word' id='word_1_77' title='bbox 1844 1191 1854 1219; x_wconf 90' lang='lat'>&#39;</span> <span class='ocrx_word' id='word_1_78' title='bbox 2056 1191 2065 1212; x_wconf 87' lang='lat'><em>&#39;</em></span> 
     </span>
     <span class='ocr_line' id='line_1_11' title="bbox 760 1295 1003 1388; baseline -0.008 -22"><span class='ocrx_word' id='word_1_79' title='bbox 760 1319 887 1388; x_wconf 79' lang='lat' dir='ltr'><strong>genere</strong></span> <span class='ocrx_word' id='word_1_80' title='bbox 904 1295 1003 1364; x_wconf 89' lang='lat' dir='ltr'><strong>Mars</strong></span> 
     </span>
     <span class='ocr_line' id='line_1_12' title="bbox 391 1395 1316 1490; baseline -0.015 -8"><span class='ocrx_word' id='word_1_81' title='bbox 391 1413 549 1482; x_wconf 88' lang='lat' dir='ltr'><strong>Parvum</strong></span> <span class='ocrx_word' id='word_1_82' title='bbox 568 1426 758 1476; x_wconf 91' lang='lat' dir='ltr'><strong>numerum</strong></span> <span class='ocrx_word' id='word_1_83' title='bbox 775 1399 949 1480; x_wconf 89' lang='lat' dir='ltr'><strong>servavit,</strong></span> <span class='ocrx_word' id='word_1_84' title='bbox 971 1395 1033 1490; x_wconf 91' lang='lat' dir='ltr'><strong>qui</strong></span> <span class='ocrx_word' id='word_1_85' title='bbox 1050 1395 1177 1467; x_wconf 88' lang='lat' dir='ltr'><strong>Cadmi</strong></span> <span class='ocrx_word' id='word_1_86' title='bbox 1191 1399 1316 1470; x_wconf 91' lang='lat' dir='ltr'><strong>urbem</strong></span> 
     </span>
     <span class='ocr_line' id='line_1_13' title="bbox 391 1499 1328 1596; baseline -0.029 -11"><span class='ocrx_word' id='word_1_87' title='bbox 391 1513 618 1586; x_wconf 82' lang='lat' dir='ltr'><strong>Foccundam</strong></span> <span class='ocrx_word' id='word_1_88' title='bbox 637 1509 793 1577; x_wconf 90' lang='lat' dir='ltr'><strong>reddunt</strong></span> <span class='ocrx_word' id='word_1_89' title='bbox 813 1501 935 1570; x_wconf 90' lang='lat' dir='ltr'><strong>liberis</strong></span> <span class='ocrx_word' id='word_1_90' title='bbox 947 1499 1165 1584; x_wconf 87' lang='lat' dir='ltr'><strong>liberorum,</strong></span> <span class='ocrx_word' id='word_1_91' title='bbox 1193 1525 1234 1571; x_wconf 82' lang='lat' dir='ltr'><strong>ex</strong></span> <span class='ocrx_word' id='word_1_92' title='bbox 1251 1503 1328 1596; x_wconf 84' lang='lat' dir='ltr'><strong>qui.</strong></span> 
     </span>
     <span class='ocr_line' id='line_1_14' title="bbox 752 1602 1346 1676; baseline -0.017 0"><span class='ocrx_word' id='word_1_93' title='bbox 752 1609 818 1676; x_wconf 92' lang='lat' dir='ltr'><strong>bus</strong></span> <span class='ocrx_word' id='word_1_94' title='bbox 832 1617 936 1672; x_wconf 90' lang='lat' dir='ltr'><strong>natus</strong></span> <span class='ocrx_word' id='word_1_95' title='bbox 953 1615 1005 1673; x_wconf 89' lang='lat' dir='ltr'><strong>est</strong></span> <span class='ocrx_word' id='word_1_96' title='bbox 1335 1602 1346 1612; x_wconf 85' lang='lat'>&#39;</span> 
     </span>
    </p>
   </div>
   <div class='ocr_carea' id='block_1_6' title="bbox 1379 1228 2341 2881">
    <p class='ocr_par' dir='ltr' id='par_1_6' title="bbox 1379 1228 2341 2881">
     <span class='ocr_line' id='line_1_15' title="bbox 1432 1228 2332 1334; baseline 0.022 -36"><span class='ocrx_word' id='word_1_97' title='bbox 1432 1228 1541 1302; x_wconf 85' lang='lat' dir='ltr'><strong>Cuius</strong></span> <span class='ocrx_word' id='word_1_98' title='bbox 1555 1231 1647 1304; x_wconf 87' lang='lat' dir='ltr'><strong>filius</strong></span> <span class='ocrx_word' id='word_1_99' title='bbox 1664 1239 1811 1322; x_wconf 84' lang='lat' dir='ltr'><strong>eodem,</strong></span> <span class='ocrx_word' id='word_1_100' title='bbox 1828 1265 1900 1334; x_wconf 89' lang='lat' dir='ltr'><strong>quo</strong></span> <span class='ocrx_word' id='word_1_101' title='bbox 1915 1255 2037 1334; x_wconf 87' lang='lat' dir='ltr'><strong>pater,</strong></span> <span class='ocrx_word' id='word_1_102' title='bbox 2061 1246 2205 1316; x_wconf 87' lang='lat' dir='ltr'><strong>nomine</strong></span> <span class='ocrx_word' id='word_1_103' title='bbox 2220 1263 2332 1320; x_wconf 84' lang='lat' dir='ltr'><strong>vocatas</strong></span> 
     </span>
     <span class='ocr_line' id='line_1_16' title="bbox 1432 1331 2224 1432; baseline 0.023 -31"><span class='ocrx_word' id='word_1_104' title='bbox 1432 1332 1515 1403; x_wconf 88' lang='lat' dir='ltr'><strong>Nou</strong></span> <span class='ocrx_word' id='word_1_105' title='bbox 1531 1331 1746 1423; x_wconf 81' lang='lat' dir='ltr'><strong>Thebanus,</strong></span> <span class='ocrx_word' id='word_1_106' title='bbox 1771 1343 1830 1410; x_wconf 89' lang='lat' dir='ltr'><strong>sed</strong></span> <span class='ocrx_word' id='word_1_107' title='bbox 1849 1366 1889 1410; x_wconf 85' lang='lat' dir='ltr'><strong>ex</strong></span> <span class='ocrx_word' id='word_1_108' title='bbox 1905 1341 2050 1414; x_wconf 80' lang='lat' dir='ltr'><strong>Euboea</strong></span> <span class='ocrx_word' id='word_1_109' title='bbox 2068 1349 2224 1432; x_wconf 85' lang='lat' dir='ltr'><strong>veniens,</strong></span> 
     </span>
     <span class='ocr_line' id='line_1_17' title="bbox 1432 1437 2333 1544; baseline 0.021 -42"><span class='ocrx_word' id='word_1_110' title='bbox 1432 1437 1573 1506; x_wconf 84' lang='lat' dir='ltr'>Occidit</span> <span class='ocrx_word' id='word_1_111' title='bbox 1596 1437 1805 1510; x_wconf 81' lang='lat' dir='ltr'><strong>Creontem:</strong></span> <span class='ocrx_word' id='word_1_112' title='bbox 1835 1471 1907 1537; x_wconf 92' lang='lat' dir='ltr'><strong>quo</strong></span> <span class='ocrx_word' id='word_1_113' title='bbox 1931 1445 2138 1534; x_wconf 87' lang='lat' dir='ltr'><strong>interiecto,</strong></span> <span class='ocrx_word' id='word_1_114' title='bbox 2161 1453 2231 1544; x_wconf 85' lang='lat' dir='ltr'><strong>ipse</strong></span> <span class='ocrx_word' id='word_1_115' title='bbox 2251 1453 2333 1544; x_wconf 80' lang='lat' dir='ltr'><strong>irnpe-</strong></span> 
     </span>
     <span class='ocr_line' id='line_1_18' title="bbox 1792 1559 1990 1634; baseline 0.03 -22"><span class='ocrx_word' id='word_1_116' title='bbox 1792 1559 1847 1614; x_wconf 90' lang='lat' dir='ltr'><strong>rat</strong></span> <span class='ocrx_word' id='word_1_117' title='bbox 1861 1561 1990 1634; x_wconf 86' lang='lat' dir='ltr'><strong>terrac,</strong></span> 
     </span>
     <span class='ocr_line' id='line_1_19' title="bbox 1431 1635 2335 1752; baseline 0.023 -47"><span class='ocrx_word' id='word_1_118' title='bbox 1431 1635 1571 1731; x_wconf 88' lang='lat' dir='ltr'><strong>lmpetu</strong></span> <span class='ocrx_word' id='word_1_119' title='bbox 1585 1643 1679 1712; x_wconf 85' lang='lat' dir='ltr'><strong>facto</strong></span> <span class='ocrx_word' id='word_1_120' title='bbox 1695 1644 1732 1712; x_wconf 91' lang='lat' dir='ltr'><strong>in</strong></span> <span class='ocrx_word' id='word_1_121' title='bbox 1749 1648 1873 1718; x_wconf 90' lang='lat' dir='ltr'><strong>urbem</strong></span> <span class='ocrx_word' id='word_1_122' title='bbox 1884 1653 2058 1722; x_wconf 87' lang='lat' dir='ltr'><strong>seditione</strong></span> <span class='ocrx_word' id='word_1_123' title='bbox 2074 1655 2335 1752; x_wconf 61' lang='lat' dir='ltr'><strong>laborassent).</strong></span> 
     </span>
     <span class='ocr_line' id='line_1_20' title="bbox 1453 1739 2219 1828; baseline 0.021 -16"><span class='ocrx_word' id='word_1_124' title='bbox 1453 1739 1566 1812; x_wconf 89' lang='lat' dir='ltr'><strong>Nobis</strong></span> <span class='ocrx_word' id='word_1_125' title='bbox 1582 1769 1667 1816; x_wconf 79' lang='lat' dir='ltr'><strong>vero</strong></span> <span class='ocrx_word' id='word_1_126' title='bbox 1688 1749 1840 1822; x_wconf 83' lang='lat' dir='ltr'><strong>affinitas</strong></span> <span class='ocrx_word' id='word_1_127' title='bbox 1859 1779 1938 1824; x_wconf 92' lang='lat' dir='ltr'><strong>cum</strong></span> <span class='ocrx_word' id='word_1_128' title='bbox 1959 1753 2115 1826; x_wconf 77' lang='lat' dir='ltr'><strong>Creonte</strong></span> <span class='ocrx_word' id='word_1_129' title='bbox 2131 1759 2219 1828; x_wconf 75' lang='lat' dir='ltr'><strong>fricta</strong></span> 
     </span>
     <span class='ocr_line' id='line_1_21' title="bbox 1431 1843 2141 1944; baseline 0.031 -33"><span class='ocrx_word' id='word_1_130' title='bbox 1431 1843 1652 1932; x_wconf 84' lang='lat' dir='ltr'><strong>Maximum,</strong></span> <span class='ocrx_word' id='word_1_131' title='bbox 1675 1863 1715 1919; x_wconf 91' lang='lat' dir='ltr'><strong>ut</strong></span> <span class='ocrx_word' id='word_1_132' title='bbox 1729 1869 1900 1944; x_wconf 87' lang='lat' dir='ltr'><strong>apparet,</strong></span> <span class='ocrx_word' id='word_1_133' title='bbox 1923 1859 2057 1928; x_wconf 87' lang='lat' dir='ltr'><strong>rnalum</strong></span> <span class='ocrx_word' id='word_1_134' title='bbox 2075 1874 2141 1933; x_wconf 88' lang='lat' dir='ltr'><strong>est.</strong></span> 
     </span>
     <span class='ocr_line' id='line_1_22' title="bbox 1431 1945 2337 2044; baseline 0.019 -26"><span class='ocrx_word' id='word_1_135' title='bbox 1431 1945 1523 2018; x_wconf 86' lang='lat' dir='ltr'><strong>Nam</strong></span> <span class='ocrx_word' id='word_1_136' title='bbox 1540 1950 1627 2022; x_wconf 89' lang='lat' dir='ltr'><strong>dum</strong></span> <span class='ocrx_word' id='word_1_137' title='bbox 1643 1953 1681 2020; x_wconf 89' lang='lat' dir='ltr'><strong>in</strong></span> <span class='ocrx_word' id='word_1_138' title='bbox 1698 1957 1937 2044; x_wconf 78' lang='lat' dir='ltr'><strong>penetralibus</strong></span> <span class='ocrx_word' id='word_1_139' title='bbox 1956 1973 2070 2031; x_wconf 86' lang='lat' dir='ltr'><strong>terrae</strong></span> <span class='ocrx_word' id='word_1_140' title='bbox 2088 1978 2141 2034; x_wconf 88' lang='lat' dir='ltr'><strong>est</strong></span> <span class='ocrx_word' id='word_1_141' title='bbox 2157 1965 2337 2044; x_wconf 81' lang='lat' dir='ltr'><strong>blinsmeus,</strong></span> 
     </span>
     <span class='ocr_line' id='line_1_23' title="bbox 1431 2045 2176 2162; baseline 0.032 -47"><span class='ocrx_word' id='word_1_142' title='bbox 1431 2045 1492 2118; x_wconf 90' lang='lat' dir='ltr'><strong>llle</strong></span> <span class='ocrx_word' id='word_1_143' title='bbox 1510 2050 1663 2146; x_wconf 88' lang='lat' dir='ltr'><strong>inclytus</strong></span> <span class='ocrx_word' id='word_1_144' title='bbox 1677 2051 1782 2128; x_wconf 87' lang='lat' dir='ltr'><strong>buius</strong></span> <span class='ocrx_word' id='word_1_145' title='bbox 1799 2071 1915 2130; x_wconf 89' lang='lat' dir='ltr'><strong>terrae</strong></span> <span class='ocrx_word' id='word_1_146' title='bbox 1934 2058 2176 2162; x_wconf 75' lang='lat' dir='ltr'><strong>dominus⁷¹⁸)</strong></span> 
     </span>
     <span class='ocr_line' id='line_1_24' title="bbox 1379 2149 2003 2248; baseline 0.029 -28"><span class='ocrx_word' id='word_1_147' title='bbox 1379 2213 1382 2220; x_wconf 79' lang='grc'>,</span> <span class='ocrx_word' id='word_1_148' title='bbox 1431 2149 1580 2225; x_wconf 87' lang='lat' dir='ltr'><strong>Liberos</strong></span> <span class='ocrx_word' id='word_1_149' title='bbox 1595 2155 1757 2232; x_wconf 88' lang='lat' dir='ltr'><strong>Herculis</strong></span> <span class='ocrx_word' id='word_1_150' title='bbox 1775 2161 1850 2232; x_wconf 92' lang='lat' dir='ltr'><strong>vult</strong></span> <span class='ocrx_word' id='word_1_151' title='bbox 1866 2165 2003 2248; x_wconf 81' lang='lat' dir='ltr'><strong>eiicere,</strong></span> 
     </span>
     <span class='ocr_line' id='line_1_25' title="bbox 1381 2249 2341 2361; baseline 0.026 -40"><span class='ocrx_word' id='word_1_152' title='bbox 1381 2249 1431 2322; x_wconf 82' lang='lat'><strong>40</strong></span> <span class='ocrx_word' id='word_1_153' title='bbox 1451 2250 1638 2330; x_wconf 75' lang='lat' dir='ltr'><strong>Interfecto</strong></span> <span class='ocrx_word' id='word_1_154' title='bbox 1653 2264 1814 2355; x_wconf 90' lang='lat' dir='ltr'><strong>coniuge,</strong></span> <span class='ocrx_word' id='word_1_155' title='bbox 1832 2280 1871 2334; x_wconf 91' lang='lat' dir='ltr'><strong>ut</strong></span> <span class='ocrx_word' id='word_1_156' title='bbox 1885 2271 2028 2340; x_wconf 87' lang='lat' dir='ltr'><strong>caedem</strong></span> <span class='ocrx_word' id='word_1_157' title='bbox 2047 2273 2160 2341; x_wconf 89' lang='lat' dir='ltr'><strong>caede</strong></span> <span class='ocrx_word' id='word_1_158' title='bbox 2178 2271 2341 2361; x_wconf 75' lang='lat' dir='ltr'><strong>extinguat,</strong></span> 
     </span>
     <span class='ocr_line' id='line_1_26' title="bbox 1427 2353 2340 2457; baseline 0.013 -32"><span class='ocrx_word' id='word_1_159' title='bbox 1427 2353 1475 2426; x_wconf 87' lang='lat' dir='ltr'><strong>Et</strong></span> <span class='ocrx_word' id='word_1_160' title='bbox 1491 2383 1567 2446; x_wconf 88' lang='lat' dir='ltr'><strong>me,</strong></span> <span class='ocrx_word' id='word_1_161' title='bbox 1590 2362 1637 2457; x_wconf 87' lang='lat' dir='ltr'><strong>(si</strong></span> <span class='ocrx_word' id='word_1_162' title='bbox 1653 2369 1761 2436; x_wconf 92' lang='lat' dir='ltr'><strong>modo</strong></span> <span class='ocrx_word' id='word_1_163' title='bbox 1776 2367 1870 2437; x_wconf 89' lang='lat' dir='ltr'><strong>inter</strong></span> <span class='ocrx_word' id='word_1_164' title='bbox 1886 2370 1982 2444; x_wconf 86' lang='lat' dir='ltr'><strong>viros</strong></span> <span class='ocrx_word' id='word_1_165' title='bbox 2003 2397 2200 2444; x_wconf 87' lang='lat' dir='ltr'><strong>numerare</strong></span> <span class='ocrx_word' id='word_1_166' title='bbox 2214 2398 2266 2442; x_wconf 86' lang='lat' dir='ltr'><strong>me</strong></span> <span class='ocrx_word' id='word_1_167' title='bbox 2280 2392 2340 2439; x_wconf 89' lang='lat' dir='ltr'><strong>con-</strong></span> 
     </span>
     <span class='ocr_line' id='line_1_27' title="bbox 1792 2473 1904 2557; baseline 0.036 -19"><span class='ocrx_word' id='word_1_168' title='bbox 1792 2473 1904 2557; x_wconf 89' lang='lat' dir='ltr'><strong>venit,</strong></span> 
     </span>
     <span class='ocr_line' id='line_1_28' title="bbox 1429 2562 2341 2673; baseline 0.019 -41"><span class='ocrx_word' id='word_1_169' title='bbox 1429 2562 1557 2634; x_wconf 90' lang='lat' dir='ltr'><strong>Senem</strong></span> <span class='ocrx_word' id='word_1_170' title='bbox 1583 2567 1764 2670; x_wconf 87' lang='lat' dir='ltr'><strong>inutilem)</strong></span> <span class='ocrx_word' id='word_1_171' title='bbox 1789 2597 1834 2642; x_wconf 89' lang='lat' dir='ltr'><strong>ne</strong></span> <span class='ocrx_word' id='word_1_172' title='bbox 1858 2575 2050 2670; x_wconf 87' lang='lat' dir='ltr'><strong>aliquando</strong></span> <span class='ocrx_word' id='word_1_173' title='bbox 2081 2579 2156 2664; x_wconf 89' lang='lat' dir='ltr'><strong>illi,</strong></span> <span class='ocrx_word' id='word_1_174' title='bbox 2181 2591 2341 2673; x_wconf 78' lang='lat' dir='ltr'><strong>postquam</strong></span> 
     </span>
     <span class='ocr_line' id='line_1_29' title="bbox 1790 2677 2024 2764; baseline 0.034 -21"><span class='ocrx_word' id='word_1_175' title='bbox 1790 2677 2024 2764; x_wconf 82' lang='lat' dir='ltr'><strong>adoleverint,</strong></span> 
     </span>
     <span class='ocr_line' id='line_1_30' title="bbox 1425 2765 2183 2881; baseline 0.026 -45"><span class='ocrx_word' id='word_1_176' title='bbox 1425 2765 1566 2842; x_wconf 86' lang='lat' dir='ltr'><strong>Poenas</strong></span> <span class='ocrx_word' id='word_1_177' title='bbox 1583 2771 1725 2864; x_wconf 81' lang='lat' dir='ltr'><strong>erigant</strong></span> <span class='ocrx_word' id='word_1_178' title='bbox 1742 2779 1858 2850; x_wconf 83' lang='lat' dir='ltr'><strong>caedis</strong></span> <span class='ocrx_word' id='word_1_179' title='bbox 1877 2781 1922 2850; x_wconf 90' lang='lat' dir='ltr'><strong>ab</strong></span> <span class='ocrx_word' id='word_1_180' title='bbox 1937 2783 2183 2881; x_wconf 77' lang='lat' dir='ltr'><strong>avunculis⁸).</strong></span> 
     </span>
    </p>
   </div>
   <div class='ocr_carea' id='block_1_7' title="bbox 293 1701 1430 2526">
    <p class='ocr_par' dir='ltr' id='par_1_7' title="bbox 293 1701 1430 2526">
     <span class='ocr_line' id='line_1_31' title="bbox 392 1701 1430 1807; baseline -0.016 -16"><span class='ocrx_word' id='word_1_181' title='bbox 392 1723 528 1800; x_wconf 88' lang='lat' dir='ltr'><strong>Creon,</strong></span> <span class='ocrx_word' id='word_1_182' title='bbox 552 1713 645 1784; x_wconf 86' lang='lat' dir='ltr'><strong>filius</strong></span> <span class='ocrx_word' id='word_1_183' title='bbox 661 1709 867 1792; x_wconf 86' lang='lat' dir='ltr'><strong>Menoecei,</strong></span> <span class='ocrx_word' id='word_1_184' title='bbox 893 1705 1060 1774; x_wconf 89' lang='lat' dir='ltr'><strong>dominns</strong></span> <span class='ocrx_word' id='word_1_185' title='bbox 1076 1701 1181 1777; x_wconf 88' lang='lat' dir='ltr'><strong>huius</strong></span> <span class='ocrx_word' id='word_1_186' title='bbox 1200 1719 1328 1780; x_wconf 88' lang='lat' dir='ltr'><strong>terrae.</strong></span> <span class='ocrx_word' id='word_1_187' title='bbox 1353 1733 1356 1789; x_wconf 79' lang='grc' dir='ltr'>ι</span> <span class='ocrx_word' id='word_1_188' title='bbox 1380 1733 1430 1807; x_wconf 80' lang='lat'><strong>35</strong></span> 
     </span>
     <span class='ocr_line' id='line_1_32' title="bbox 293 1806 1149 1908; baseline -0.021 -14"><span class='ocrx_word' id='word_1_189' title='bbox 293 1889 296 1894; x_wconf 91' lang='grc'><em>,</em></span> <span class='ocrx_word' id='word_1_190' title='bbox 393 1825 510 1894; x_wconf 91' lang='lat' dir='ltr'><strong>Creon</strong></span> <span class='ocrx_word' id='word_1_191' title='bbox 529 1831 647 1888; x_wconf 89' lang='lat' dir='ltr'><strong>autem</strong></span> <span class='ocrx_word' id='word_1_192' title='bbox 663 1825 766 1908; x_wconf 89' lang='lat' dir='ltr'><strong>pater</strong></span> <span class='ocrx_word' id='word_1_193' title='bbox 783 1824 835 1881; x_wconf 89' lang='lat' dir='ltr'><strong>cst</strong></span> <span class='ocrx_word' id='word_1_194' title='bbox 846 1806 953 1879; x_wconf 90' lang='lat' dir='ltr'><strong>buius</strong></span> <span class='ocrx_word' id='word_1_195' title='bbox 969 1807 1149 1898; x_wconf 87' lang='lat' dir='ltr'><strong>Megarae,</strong></span> 
     </span>
     <span class='ocr_line' id='line_1_33' title="bbox 343 1909 1172 2019; baseline -0.025 -18"><span class='ocrx_word' id='word_1_196' title='bbox 343 1929 389 2002; x_wconf 89' lang='lat'><strong>10</strong></span> <span class='ocrx_word' id='word_1_197' title='bbox 417 1926 535 2019; x_wconf 88' lang='lat' dir='ltr'><strong>Quam</strong></span> <span class='ocrx_word' id='word_1_198' title='bbox 555 1919 642 1990; x_wconf 90' lang='lat' dir='ltr'><strong>olim</strong></span> <span class='ocrx_word' id='word_1_199' title='bbox 660 1939 785 1988; x_wconf 88' lang='lat' dir='ltr'><strong>omncs</strong></span> <span class='ocrx_word' id='word_1_200' title='bbox 800 1909 965 1983; x_wconf 88' lang='lat' dir='ltr'><strong>Thebani</strong></span> <span class='ocrx_word' id='word_1_201' title='bbox 983 1911 1020 1978; x_wconf 92' lang='lat' dir='ltr'><strong>in</strong></span> <span class='ocrx_word' id='word_1_202' title='bbox 1037 1911 1172 2002; x_wconf 85' lang='lat' dir='ltr'><strong>nuptiis</strong></span> 
     </span>
     <span class='ocr_line' id='line_1_34' title="bbox 391 2015 1121 2111; baseline -0.025 -11"><span class='ocrx_word' id='word_1_203' title='bbox 391 2028 626 2100; x_wconf 88' lang='lat' dir='ltr'><strong>Ceiebrarnnt</strong></span> <span class='ocrx_word' id='word_1_204' title='bbox 640 2019 749 2104; x_wconf 88' lang='lat' dir='ltr'><strong>tibia,</strong></span> <span class='ocrx_word' id='word_1_205' title='bbox 777 2017 921 2111; x_wconf 90' lang='lat' dir='ltr'><strong>quando</strong></span> <span class='ocrx_word' id='word_1_206' title='bbox 940 2015 985 2083; x_wconf 89' lang='lat' dir='ltr'><strong>ad</strong></span> <span class='ocrx_word' id='word_1_207' title='bbox 1003 2037 1121 2082; x_wconf 92' lang='lat' dir='ltr'><strong>meam</strong></span> 
     </span>
     <span class='ocr_line' id='line_1_35' title="bbox 389 2115 1167 2218; baseline -0.018 -18"><span class='ocrx_word' id='word_1_208' title='bbox 389 2131 547 2200; x_wconf 90' lang='lat' dir='ltr'><strong>Domum</strong></span> <span class='ocrx_word' id='word_1_209' title='bbox 567 2127 683 2218; x_wconf 86' lang='lat' dir='ltr'><strong>ipsum</strong></span> <span class='ocrx_word' id='word_1_210' title='bbox 701 2121 801 2192; x_wconf 81' lang='lat' dir='ltr'><strong>duxit</strong></span> <span class='ocrx_word' id='word_1_211' title='bbox 815 2120 968 2212; x_wconf 87' lang='lat' dir='ltr'><strong>inclytus</strong></span> <span class='ocrx_word' id='word_1_212' title='bbox 985 2115 1167 2186; x_wconf 80' lang='lat' dir='ltr'><strong>Hercules.</strong></span> 
     </span>
     <span class='ocr_line' id='line_1_36' title="bbox 391 2219 1175 2318; baseline -0.022 -14"><span class='ocrx_word' id='word_1_213' title='bbox 391 2232 537 2304; x_wconf 85' lang='lat' dir='ltr'><strong>Relictis</strong></span> <span class='ocrx_word' id='word_1_214' title='bbox 552 2253 640 2298; x_wconf 82' lang='lat' dir='ltr'><strong>vero</strong></span> <span class='ocrx_word' id='word_1_215' title='bbox 657 2222 814 2306; x_wconf 88' lang='lat' dir='ltr'><strong>Thebis,</strong></span> <span class='ocrx_word' id='word_1_216' title='bbox 837 2246 909 2318; x_wconf 93' lang='lat' dir='ltr'><strong>quo</strong></span> <span class='ocrx_word' id='word_1_217' title='bbox 927 2245 991 2311; x_wconf 92' lang='lat' dir='ltr'><strong>ego</strong></span> <span class='ocrx_word' id='word_1_218' title='bbox 1009 2219 1175 2311; x_wconf 83' lang='lat' dir='ltr'><strong>migravi,</strong></span> 
     </span>
     <span class='ocr_line' id='line_1_37' title="bbox 391 2325 1082 2426; baseline -0.02 -20"><span class='ocrx_word' id='word_1_219' title='bbox 391 2336 437 2406; x_wconf 88' lang='lat' dir='ltr'><strong>Et</strong></span> <span class='ocrx_word' id='word_1_220' title='bbox 451 2335 597 2426; x_wconf 83' lang='lat' dir='ltr'><strong>Megara</strong></span> <span class='ocrx_word' id='word_1_221' title='bbox 613 2344 649 2400; x_wconf 88' lang='lat' dir='ltr'><strong>et</strong></span> <span class='ocrx_word' id='word_1_222' title='bbox 665 2327 850 2410; x_wconf 85' lang='lat' dir='ltr'><strong>affinibus,</strong></span> <span class='ocrx_word' id='word_1_223' title='bbox 872 2325 965 2394; x_wconf 87' lang='lat' dir='ltr'><strong>iilius</strong></span> <span class='ocrx_word' id='word_1_224' title='bbox 982 2347 1082 2392; x_wconf 78' lang='lat' dir='ltr'><strong>nicus</strong></span> 
     </span>
     <span class='ocr_line' id='line_1_38' title="bbox 343 2425 1143 2526; baseline -0.024 -14"><span class='ocrx_word' id='word_1_225' title='bbox 343 2437 390 2512; x_wconf 84' lang='lat'><strong>15</strong></span> <span class='ocrx_word' id='word_1_226' title='bbox 413 2438 538 2508; x_wconf 88' lang='lat' dir='ltr'><strong>Muros</strong></span> <span class='ocrx_word' id='word_1_227' title='bbox 554 2435 706 2526; x_wconf 82' lang='lat' dir='ltr'><strong>Argivos</strong></span> <span class='ocrx_word' id='word_1_228' title='bbox 723 2444 757 2502; x_wconf 93' lang='lat' dir='ltr'><strong>et</strong></span> <span class='ocrx_word' id='word_1_229' title='bbox 771 2431 897 2499; x_wconf 85' lang='lat' dir='ltr'><strong>urbem</strong></span> <span class='ocrx_word' id='word_1_230' title='bbox 916 2425 1143 2520; x_wconf 89' lang='lat' dir='ltr'><strong>Cyclopicam</strong></span> 
     </span>
    </p>
   </div>
   <div class='ocr_carea' id='block_1_8' title="bbox 391 2529 1326 2730">
    <p class='ocr_par' dir='ltr' id='par_1_8' title="bbox 391 2529 1326 2730">
     <span class='ocr_line' id='line_1_39' title="bbox 391 2529 1326 2627; baseline -0.015 -17"><span class='ocrx_word' id='word_1_231' title='bbox 391 2541 549 2612; x_wconf 92' lang='lat' dir='ltr'><strong>lncolerc</strong></span> <span class='ocrx_word' id='word_1_232' title='bbox 571 2535 707 2618; x_wconf 90' lang='lat' dir='ltr'><strong>voluit,</strong></span> <span class='ocrx_word' id='word_1_233' title='bbox 744 2557 783 2604; x_wconf 84' lang='lat' dir='ltr'><strong>ex</strong></span> <span class='ocrx_word' id='word_1_234' title='bbox 812 2556 881 2627; x_wconf 89' lang='lat' dir='ltr'><strong>qua</strong></span> <span class='ocrx_word' id='word_1_235' title='bbox 916 2553 981 2620; x_wconf 89' lang='lat' dir='ltr'><strong>ego</strong></span> <span class='ocrx_word' id='word_1_236' title='bbox 1007 2529 1086 2599; x_wconf 83' lang='lat' dir='ltr'><strong>exul</strong></span> <span class='ocrx_word' id='word_1_237' title='bbox 1114 2552 1213 2610; x_wconf 88' lang='lat' dir='ltr'><strong>sum,</strong></span> <span class='ocrx_word' id='word_1_238' title='bbox 1242 2551 1326 2620; x_wconf 88' lang='lat' dir='ltr'><strong>pro·</strong></span> 
     </span>
     <span class='ocr_line' id='line_1_40' title="bbox 748 2632 1251 2730; baseline -0.018 -25"><span class='ocrx_word' id='word_1_239' title='bbox 748 2649 870 2730; x_wconf 86' lang='lat' dir='ltr'><strong>pterea</strong></span> <span class='ocrx_word' id='word_1_240' title='bbox 890 2633 988 2727; x_wconf 92' lang='lat' dir='ltr'><strong>quod</strong></span> <span class='ocrx_word' id='word_1_241' title='bbox 1006 2632 1119 2702; x_wconf 90' lang='lat' dir='ltr'><strong>occidi</strong></span> <span class='ocrx_word' id='word_1_242' title='bbox 1248 2643 1251 2652; x_wconf 85' lang='grc'>·</span> 
     </span>
    </p>
   </div>
   <div class='ocr_carea' id='block_1_9' title="bbox 388 2735 1584 3041">
    <p class='ocr_par' dir='ltr' id='par_1_9' title="bbox 388 2735 1584 3041">
     <span class='ocr_line' id='line_1_41' title="bbox 388 2735 1159 2837; baseline -0.017 -22"><span class='ocrx_word' id='word_1_243' title='bbox 388 2745 659 2837; x_wconf 84' lang='lat' dir='ltr'><strong>Electryonem,</strong></span> <span class='ocrx_word' id='word_1_244' title='bbox 684 2762 782 2810; x_wconf 87' lang='lat' dir='ltr'><strong>meas</strong></span> <span class='ocrx_word' id='word_1_245' title='bbox 801 2751 919 2808; x_wconf 85' lang='lat' dir='ltr'><strong>autern</strong></span> <span class='ocrx_word' id='word_1_246' title='bbox 939 2735 1159 2806; x_wconf 83' lang='lat' dir='ltr'><strong>calamitates</strong></span> 
     </span>
     <span class='ocr_line' id='line_1_42' title="bbox 388 2837 1133 2930; baseline -0.015 -14"><span class='ocrx_word' id='word_1_247' title='bbox 388 2848 558 2928; x_wconf 82' lang='lat' dir='ltr'><strong>Placans,</strong></span> <span class='ocrx_word' id='word_1_248' title='bbox 582 2857 618 2913; x_wconf 92' lang='lat' dir='ltr'><strong>et</strong></span> <span class='ocrx_word' id='word_1_249' title='bbox 631 2841 755 2912; x_wconf 85' lang='lat' dir='ltr'><strong>volen&#39;s</strong></span> <span class='ocrx_word' id='word_1_250' title='bbox 771 2837 933 2908; x_wconf 89' lang='lat' dir='ltr'><strong>babitare</strong></span> <span class='ocrx_word' id='word_1_251' title='bbox 950 2839 987 2906; x_wconf 87' lang='lat' dir='ltr'><strong>in</strong></span> <span class='ocrx_word' id='word_1_252' title='bbox 1003 2837 1133 2930; x_wconf 87' lang='lat' dir='ltr'><strong>patria,</strong></span> 
     </span>
     <span class='ocr_line' id='line_1_43' title="bbox 391 2936 1584 3041; baseline -0.014 -23"><span class='ocrx_word' id='word_1_253' title='bbox 391 2949 562 3041; x_wconf 89' lang='lat' dir='ltr'><strong>Magnum</strong></span> <span class='ocrx_word' id='word_1_254' title='bbox 578 2941 780 3039; x_wconf 88' lang='lat' dir='ltr'><strong>Eurystheo</strong></span> <span class='ocrx_word' id='word_1_255' title='bbox 796 2945 858 3013; x_wconf 89' lang='lat' dir='ltr'><strong>dat</strong></span> <span class='ocrx_word' id='word_1_256' title='bbox 872 2943 1092 3034; x_wconf 88' lang='lat' dir='ltr'><strong>praemium,</strong></span> <span class='ocrx_word' id='word_1_257' title='bbox 1116 2949 1158 3008; x_wconf 92' lang='lat' dir='ltr'><strong>ut</strong></span> <span class='ocrx_word' id='word_1_258' title='bbox 1172 2936 1304 3032; x_wconf 88' lang='lat' dir='ltr'><strong>ubique</strong></span> <span class='ocrx_word' id='word_1_259' title='bbox 1380 2955 1584 2972; x_wconf 68' lang='lat'><strong>”*·-</strong></span> 
     </span>
    </p>
   </div>
   <div class='ocr_carea' id='block_1_10' title="bbox 336 3043 2210 3350">
    <p class='ocr_par' dir='ltr' id='par_1_10' title="bbox 336 3043 2210 3350">
     <span class='ocr_line' id='line_1_44' title="bbox 336 3043 2140 3148; baseline 0.004 -22"><span class='ocrx_word' id='word_1_260' title='bbox 336 3053 388 3127; x_wconf 85' lang='lat'><strong>20</strong></span> <span class='ocrx_word' id='word_1_261' title='bbox 413 3052 521 3122; x_wconf 82' lang='lat' dir='ltr'><strong>Pacci</strong></span> <span class='ocrx_word' id='word_1_262' title='bbox 536 3063 690 3133; x_wconf 88' lang='lat' dir='ltr'><strong>terram,</strong></span> <span class='ocrx_word' id='word_1_263' title='bbox 714 3048 788 3119; x_wconf 87' lang='lat' dir='ltr'><strong>sive</strong></span> <span class='ocrx_word' id='word_1_264' title='bbox 807 3071 826 3116; x_wconf 89' lang='lat' dir='ltr'><strong>a</strong></span> <span class='ocrx_word' id='word_1_265' title='bbox 843 3043 991 3116; x_wconf 86' lang='lat' dir='ltr'><strong>lunonis</strong></span> <span class='ocrx_word' id='word_1_266' title='bbox 1480 3069 1653 3138; x_wconf 73' lang='lat' dir='ltr'><strong>expectens,</strong></span> <span class='ocrx_word' id='word_1_267' title='bbox 1671 3075 1700 3124; x_wconf 85' lang='lat' dir='ltr'><strong>et</strong></span> <span class='ocrx_word' id='word_1_268' title='bbox 1716 3077 1834 3138; x_wconf 63' lang='lat' dir='ltr'><strong>urrisu</strong></span> <span class='ocrx_word' id='word_1_269' title='bbox 1851 3080 2006 3132; x_wconf 71' lang='lat' dir='ltr'><strong>meritus</strong></span> <span class='ocrx_word' id='word_1_270' title='bbox 2023 3083 2140 3148; x_wconf 74' lang='lat' dir='ltr'><strong>ruens,</strong></span> 
     </span>
     <span class='ocr_line' id='line_1_45' title="bbox 386 3139 2210 3270; baseline -0.015 -42"><span class='ocrx_word' id='word_1_271' title='bbox 386 3153 548 3228; x_wconf 87' lang='lat' dir='ltr'><strong>Stimulis</strong></span> <span class='ocrx_word' id='word_1_272' title='bbox 563 3165 729 3236; x_wconf 80' lang='lat' dir='ltr'><strong>vexatus,</strong></span> <span class='ocrx_word' id='word_1_273' title='bbox 753 3150 827 3221; x_wconf 88' lang='lat' dir='ltr'><strong>sive</strong></span> <span class='ocrx_word' id='word_1_274' title='bbox 843 3151 918 3220; x_wconf 86' lang='lat' dir='ltr'><strong>lato</strong></span> <span class='ocrx_word' id='word_1_275' title='bbox 937 3148 1070 3242; x_wconf 88' lang='lat' dir='ltr'><strong>aliquo.</strong></span> <span class='ocrx_word' id='word_1_276' title='bbox 1479 3139 2042 3270; x_wconf 45' lang='grc' dir='ltr'><strong>ἓὼᾞῗῗοᾚτᾮῗὲυῗιξὲἱζὲτὴω</strong></span> <span class='ocrx_word' id='word_1_277' title='bbox 2063 3163 2210 3218; x_wconf 67' lang='lat' dir='ltr'><strong>maun,</strong></span> 
     </span>
     <span class='ocr_line' id='line_1_46' title="bbox 385 3245 2122 3350; baseline -0.018 -22"><span class='ocrx_word' id='word_1_278' title='bbox 385 3260 439 3329; x_wconf 87' lang='lat' dir='ltr'><strong>Ac</strong></span> <span class='ocrx_word' id='word_1_279' title='bbox 454 3272 612 3330; x_wconf 88' lang='lat' dir='ltr'><strong>caeteros</strong></span> <span class='ocrx_word' id='word_1_280' title='bbox 628 3255 771 3350; x_wconf 89' lang='lat' dir='ltr'><strong>quidem</strong></span> <span class='ocrx_word' id='word_1_281' title='bbox 788 3255 930 3323; x_wconf 89' lang='lat' dir='ltr'><strong>labores</strong></span> <span class='ocrx_word' id='word_1_282' title='bbox 948 3246 1162 3326; x_wconf 76' lang='lat' dir='ltr'><strong>exantlavit3</strong></span> <span class='ocrx_word' id='word_1_283' title='bbox 1480 3277 1605 3329; x_wconf 78' lang='lat' dir='ltr'><strong>utinum</strong></span> <span class='ocrx_word' id='word_1_284' title='bbox 1625 3245 1761 3346; x_wconf 77' lang='lat' dir='ltr'><strong>tonitui,</strong></span> <span class='ocrx_word' id='word_1_285' title='bbox 1779 3283 1842 3334; x_wconf 58' lang='lat' dir='ltr'><em>m</em></span> <span class='ocrx_word' id='word_1_286' title='bbox 1858 3287 1951 3350; x_wconf 47' lang='grc' dir='ltr'><strong>,ΠΜ</strong></span> <span class='ocrx_word' id='word_1_287' title='bbox 1970 3301 2029 3338; x_wconf 58' lang='lat' dir='ltr'><strong>m</strong></span> <span class='ocrx_word' id='word_1_288' title='bbox 2047 3289 2122 3340; x_wconf 43' lang='lat' dir='ltr'><strong>mo·</strong></span> 
     </span>
    </p>
   </div>
   <div class='ocr_carea' id='block_1_11' title="bbox 385 3347 2085 3486">
    <p class='ocr_par' dir='ltr' id='par_1_11' title="bbox 385 3347 2085 3486">
     <span class='ocr_line' id='line_1_47' title="bbox 385 3347 2085 3486; baseline -0.008 -53"><span class='ocrx_word' id='word_1_289' title='bbox 385 3365 442 3432; x_wconf 80' lang='lat' dir='ltr'><strong>Ad</strong></span> <span class='ocrx_word' id='word_1_290' title='bbox 459 3375 658 3432; x_wconf 81' lang='lat' dir='ltr'><strong>extremum</strong></span> <span class='ocrx_word' id='word_1_291' title='bbox 675 3383 762 3427; x_wconf 87' lang='lat' dir='ltr'><strong>vero</strong></span> <span class='ocrx_word' id='word_1_292' title='bbox 777 3382 842 3450; x_wconf 81' lang='lat' dir='ltr'><strong>per</strong></span> <span class='ocrx_word' id='word_1_293' title='bbox 854 3359 972 3426; x_wconf 85' lang='lat' dir='ltr'><strong>fauces</strong></span> <span class='ocrx_word' id='word_1_294' title='bbox 986 3348 1145 3422; x_wconf 86' lang='lat' dir='ltr'><strong>Taenari</strong></span> <span class='ocrx_word' id='word_1_295' title='bbox 1479 3347 2085 3486; x_wconf 43' lang='lat' dir='ltr'><strong>{⁶5}tiffitgoffit’issfgnffilffistdffifflt</strong></span> 
     </span>
    </p>
   </div>
   <div class='ocr_carea' id='block_1_12' title="bbox 293 3449 2149 3655">
    <p class='ocr_par' dir='ltr' id='par_1_12' title="bbox 293 3449 2149 3655">
     <span class='ocr_line' id='line_1_48' title="bbox 293 3449 2149 3556; baseline -0.018 -20"><span class='ocrx_word' id='word_1_296' title='bbox 293 3517 299 3524; x_wconf 88' lang='lat'><em>-</em></span> <span class='ocrx_word' id='word_1_297' title='bbox 383 3463 453 3535; x_wconf 86' lang='lat' dir='ltr'><strong>lvit</strong></span> <span class='ocrx_word' id='word_1_298' title='bbox 475 3465 520 3534; x_wconf 87' lang='lat' dir='ltr'><strong>ad</strong></span> <span class='ocrx_word' id='word_1_299' title='bbox 534 3461 699 3532; x_wconf 88' lang='lat' dir='ltr'><strong>Plutonis</strong></span> <span class='ocrx_word' id='word_1_300' title='bbox 723 3464 891 3542; x_wconf 90' lang='lat' dir='ltr'><strong>domum,</strong></span> <span class='ocrx_word' id='word_1_301' title='bbox 923 3481 1048 3528; x_wconf 90' lang='lat' dir='ltr'><strong>canem</strong></span> <span class='ocrx_word' id='word_1_302' title='bbox 1072 3453 1174 3520; x_wconf 88' lang='lat' dir='ltr'><strong>illurn</strong></span> <span class='ocrx_word' id='word_1_303' title='bbox 1197 3449 1323 3518; x_wconf 91' lang='lat' dir='ltr'><strong>tricor·</strong></span> <span class='ocrx_word' id='word_1_304' title='bbox 1478 3482 1629 3534; x_wconf 57' lang='lat' dir='ltr'><strong>„mm</strong></span> <span class='ocrx_word' id='word_1_305' title='bbox 1645 3487 1681 3535; x_wconf 61' lang='lat' dir='ltr'><strong>,g</strong></span> <span class='ocrx_word' id='word_1_306' title='bbox 1698 3485 1825 3540; x_wconf 74' lang='lat' dir='ltr'><strong>Plutona</strong></span> <span class='ocrx_word' id='word_1_307' title='bbox 1843 3492 2023 3556; x_wconf 52' lang='lat' dir='ltr'><strong>,Momm</strong></span> <span class='ocrx_word' id='word_1_308' title='bbox 2044 3505 2149 3544; x_wconf 58' lang='lat' dir='ltr'><strong>mm</strong></span> 
     </span>
     <span class='ocr_line' id='line_1_49' title="bbox 749 3552 2124 3655; baseline -0.001 -42"><span class='ocrx_word' id='word_1_309' title='bbox 749 3587 874 3655; x_wconf 64' lang='lat' dir='ltr'>pom„</span> <span class='ocrx_word' id='word_1_310' title='bbox 1480 3552 1523 3602; x_wconf 75' lang='lat' dir='ltr'><strong>At</strong></span> <span class='ocrx_word' id='word_1_311' title='bbox 1539 3553 1627 3604; x_wconf 82' lang='lat' dir='ltr'><strong>lucen</strong></span> <span class='ocrx_word' id='word_1_312' title='bbox 1644 3555 1844 3623; x_wconf 79' lang='lat' dir='ltr'><strong>subducturus,</strong></span> <span class='ocrx_word' id='word_1_313' title='bbox 1863 3561 1934 3612; x_wconf 80' lang='lat' dir='ltr'><strong>unis</strong></span> <span class='ocrx_word' id='word_1_314' title='bbox 1951 3573 2008 3613; x_wconf 83' lang='lat' dir='ltr'><strong>non</strong></span> <span class='ocrx_word' id='word_1_315' title='bbox 2025 3562 2124 3613; x_wconf 84' lang='lat' dir='ltr'><strong>rediit.</strong></span> 
     </span>
    </p>
   </div>
   <div class='ocr_carea' id='block_1_13' title="bbox 334 3649 2345 3773">
    <p class='ocr_par' dir='ltr' id='par_1_13' title="bbox 334 3649 2345 3773">
     <span class='ocr_line' id='line_1_50' title="bbox 334 3649 2345 3773; baseline -0.009 -28"><span class='ocrx_word' id='word_1_316' title='bbox 334 3666 385 3746; x_wconf 82' lang='lat'><strong>25</strong></span> <span class='ocrx_word' id='word_1_317' title='bbox 410 3666 450 3738; x_wconf 93' lang='lat' dir='ltr'><strong>ln</strong></span> <span class='ocrx_word' id='word_1_318' title='bbox 467 3669 582 3738; x_wconf 89' lang='lat' dir='ltr'><strong>lucem</strong></span> <span class='ocrx_word' id='word_1_319' title='bbox 599 3667 809 3750; x_wconf 88' lang='lat' dir='ltr'><strong>educturus,</strong></span> <span class='ocrx_word' id='word_1_320' title='bbox 829 3664 925 3736; x_wconf 89' lang='lat' dir='ltr'><strong>unde</strong></span> <span class='ocrx_word' id='word_1_321' title='bbox 941 3682 1013 3730; x_wconf 90' lang='lat' dir='ltr'><strong>von</strong></span> <span class='ocrx_word' id='word_1_322' title='bbox 1029 3656 1172 3752; x_wconf 69' lang='lat' dir='ltr'><strong>rediri).</strong></span> <span class='ocrx_word' id='word_1_323' title='bbox 1409 3649 1658 3773; x_wconf 47' lang='lat' dir='ltr'><strong>’iaoffiittffll</strong></span> <span class='ocrx_word' id='word_1_324' title='bbox 1684 3658 1723 3708; x_wconf 74' lang='lat'><strong>¹¹⁰</strong></span> <span class='ocrx_word' id='word_1_325' title='bbox 1747 3661 1830 3714; x_wconf 66' lang='lat' dir='ltr'><strong>Mitt·</strong></span> <span class='ocrx_word' id='word_1_326' title='bbox 1852 3663 1928 3716; x_wconf 73' lang='lat'>¹⁵⁵0·</span> <span class='ocrx_word' id='word_1_327' title='bbox 1948 3665 1975 3713; x_wconf 72' lang='lat' dir='ltr'><strong>ti</strong></span> <span class='ocrx_word' id='word_1_328' title='bbox 1993 3668 2138 3729; x_wconf 78' lang='lat' dir='ltr'><strong>recente.;</strong></span> <span class='ocrx_word' id='word_1_329' title='bbox 2165 3666 2215 3718; x_wconf 72' lang='lat' dir='ltr'><strong>Ed·</strong></span> <span class='ocrx_word' id='word_1_330' title='bbox 2236 3663 2301 3714; x_wconf 75' lang='lat'>¹⁵⁶²·</span> <span class='ocrx_word' id='word_1_331' title='bbox 2317 3661 2345 3708; x_wconf 69' lang='lat'><strong>¹³·</strong></span> 
     </span>
    </p>
   </div>
   <div class='ocr_carea' id='block_1_14' title="bbox 336 3823 2345 3960">
    <p class='ocr_par' dir='ltr' id='par_1_14' title="bbox 336 3823 2345 3960">
     <span class='ocr_line' id='line_1_51' title="bbox 336 3823 2345 3902; baseline 0.009 -32"><span class='ocrx_word' id='word_1_332' title='bbox 336 3869 395 3880; x_wconf 55' lang='lat'><strong>„-</strong></span> <span class='ocrx_word' id='word_1_333' title='bbox 444 3864 542 3876; x_wconf 69' lang='grc'><strong>,,-...</strong></span> <span class='ocrx_word' id='word_1_334' title='bbox 1409 3824 1459 3882; x_wconf 74' lang='lat' dir='ltr'><strong>ib)</strong></span> <span class='ocrx_word' id='word_1_335' title='bbox 1477 3823 1614 3892; x_wconf 82' lang='lat' dir='ltr'><strong>dominus]</strong></span> <span class='ocrx_word' id='word_1_336' title='bbox 1639 3827 1681 3878; x_wconf 84' lang='lat' dir='ltr'><strong>sic</strong></span> <span class='ocrx_word' id='word_1_337' title='bbox 1698 3829 1749 3882; x_wconf 81' lang='lat' dir='ltr'><strong>itu.</strong></span> <span class='ocrx_word' id='word_1_338' title='bbox 1770 3831 1859 3895; x_wconf 71' lang='lat'><strong>15623</strong></span> <span class='ocrx_word' id='word_1_339' title='bbox 1883 3833 1931 3882; x_wconf 76' lang='lat' dir='ltr'><strong>Ed.</strong></span> <span class='ocrx_word' id='word_1_340' title='bbox 1947 3835 2021 3884; x_wconf 73' lang='lat' dir='ltr'><strong>icus</strong></span> <span class='ocrx_word' id='word_1_341' title='bbox 2048 3837 2079 3884; x_wconf 88' lang='lat' dir='ltr'><strong>et</strong></span> <span class='ocrx_word' id='word_1_342' title='bbox 2098 3840 2220 3888; x_wconf 85' lang='lat' dir='ltr'><strong>recentt.</strong></span> <span class='ocrx_word' id='word_1_343' title='bbox 2239 3835 2281 3902; x_wconf 92' lang='lat'><strong>(=</strong></span> <span class='ocrx_word' id='word_1_344' title='bbox 2300 3833 2345 3880; x_wconf 31' lang='grc' dir='ltr'><strong>ΜΔ</strong></span> 
     </span>
     <span class='ocr_line' id='line_1_52' title="bbox 608 3893 1761 3960; baseline 0.01 -21"><span class='ocrx_word' id='word_1_345' title='bbox 608 3905 611 3914; x_wconf 73' lang='grc'><strong>’</strong></span> <span class='ocrx_word' id='word_1_346' title='bbox 1444 3893 1501 3960; x_wconf 84' lang='lat' dir='ltr'><strong>gr.)</strong></span> <span class='ocrx_word' id='word_1_347' title='bbox 1520 3896 1638 3947; x_wconf 81' lang='lat' dir='ltr'><strong>addunt:</strong></span> <span class='ocrx_word' id='word_1_348' title='bbox 1657 3898 1761 3960; x_wconf 68' lang='lat' dir='ltr'><strong>uscos.</strong></span> 
     </span>
    </p>
   </div>
   <div class='ocr_carea' id='block_1_15' title="bbox 369 3975 2346 5507">
    <p class='ocr_par' dir='ltr' id='par_1_15' title="bbox 369 3975 2346 5436">
     <span class='ocr_line' id='line_1_53' title="bbox 369 3975 2346 4074; baseline -0.002 -20"><span class='ocrx_word' id='word_1_349' title='bbox 369 3999 401 4054; x_wconf 74' lang='lat' dir='ltr'><strong>e)</strong></span> <span class='ocrx_word' id='word_1_350' title='bbox 419 3984 568 4054; x_wconf 69' lang='lat' dir='ltr'><strong>lt⁰ffll⁰¹¹fll</strong></span> <span class='ocrx_word' id='word_1_351' title='bbox 587 3985 631 4038; x_wconf 66' lang='lat'><strong>⁸¹⁰</strong></span> <span class='ocrx_word' id='word_1_352' title='bbox 647 3982 751 4066; x_wconf 52' lang='lat' dir='ltr'><strong>&#39;9¹¹⁹st</strong></span> <span class='ocrx_word' id='word_1_353' title='bbox 771 3981 818 4048; x_wconf 74' lang='lat'><strong>(²</strong></span> <span class='ocrx_word' id='word_1_354' title='bbox 836 3980 929 4044; x_wconf 60' lang='lat' dir='ltr'><strong>Utili-</strong></span> <span class='ocrx_word' id='word_1_355' title='bbox 946 3975 1178 4060; x_wconf 58' lang='lat' dir='ltr'><strong>flt’ffl&#39;i&#39;ll‘lll‘·</strong></span> <span class='ocrx_word' id='word_1_356' title='bbox 1200 3977 1276 4038; x_wconf 58' lang='lat' dir='ltr'><strong>iffi·</strong></span> <span class='ocrx_word' id='word_1_357' title='bbox 1295 3980 1323 4027; x_wconf 57' lang='grc' dir='ltr'><strong>θ*</strong></span> <span class='ocrx_word' id='word_1_358' title='bbox 1409 3993 1440 4062; x_wconf 84' lang='grc'><strong>8)</strong></span> <span class='ocrx_word' id='word_1_359' title='bbox 1459 3998 1511 4046; x_wconf 84' lang='lat' dir='ltr'><strong>iist</strong></span> <span class='ocrx_word' id='word_1_360' title='bbox 1534 4001 1625 4050; x_wconf 79' lang='lat' dir='ltr'><strong>auten</strong></span> <span class='ocrx_word' id='word_1_361' title='bbox 1642 4023 1678 4035; x_wconf 90' lang='lat'>-</span> <span class='ocrx_word' id='word_1_362' title='bbox 1695 4002 1847 4052; x_wconf 83' lang='lat' dir='ltr'><strong>svnncuiis.</strong></span> <span class='ocrx_word' id='word_1_363' title='bbox 1872 4001 1929 4068; x_wconf 82' lang='lat' dir='ltr'><strong>(vs.</strong></span> <span class='ocrx_word' id='word_1_364' title='bbox 1947 4005 2113 4074; x_wconf 72' lang='lat'><strong>28-48.)]</strong></span> <span class='ocrx_word' id='word_1_365' title='bbox 2144 4009 2188 4060; x_wconf 92' lang='lat' dir='ltr'><strong>sic</strong></span> <span class='ocrx_word' id='word_1_366' title='bbox 2212 4010 2259 4061; x_wconf 80' lang='lat' dir='ltr'><strong>itti.</strong></span> <span class='ocrx_word' id='word_1_367' title='bbox 2279 4002 2346 4054; x_wconf 69' lang='lat' dir='ltr'><strong>ititr</strong></span> 
     </span>
     <span class='ocr_line' id='line_1_54' title="bbox 403 4049 1609 4120; baseline -0.011 -5"><span class='ocrx_word' id='word_1_368' title='bbox 403 4063 538 4115; x_wconf 69' lang='lat' dir='ltr'><strong>recentes</strong></span> <span class='ocrx_word' id='word_1_369' title='bbox 555 4049 744 4120; x_wconf 68' lang='lat' dir='ltr'><strong>morutium),</strong></span> <span class='ocrx_word' id='word_1_370' title='bbox 761 4053 812 4103; x_wconf 84' lang='lat' dir='ltr'><strong>tiu.</strong></span> <span class='ocrx_word' id='word_1_371' title='bbox 833 4049 909 4103; x_wconf 75' lang='lat' dir='ltr'><strong>rtet.</strong></span> <span class='ocrx_word' id='word_1_372' title='bbox 927 4050 1071 4099; x_wconf 78' lang='lat' dir='ltr'><strong>iomanem.</strong></span> <span class='ocrx_word' id='word_1_373' title='bbox 1194 4062 1213 4100; x_wconf 78' lang='grc' dir='ltr'><strong>ἰ</strong></span> <span class='ocrx_word' id='word_1_374' title='bbox 1445 4067 1495 4116; x_wconf 64' lang='lat' dir='ltr'><strong>gd,</strong></span> <span class='ocrx_word' id='word_1_375' title='bbox 1517 4069 1609 4116; x_wconf 68' lang='lat'><strong>1550„</strong></span> 
     </span>
     <span class='ocr_line' id='line_1_55' title="bbox 370 4129 2229 4212; baseline -0.001 -15"><span class='ocrx_word' id='word_1_376' title='bbox 370 4151 402 4212; x_wconf 79' lang='grc'><strong>1)</strong></span> <span class='ocrx_word' id='word_1_377' title='bbox 421 4146 553 4211; x_wconf 76' lang='lat' dir='ltr'><strong>onbnetu</strong></span> <span class='ocrx_word' id='word_1_378' title='bbox 570 4167 605 4182; x_wconf 93' lang='lat'>-</span> <span class='ocrx_word' id='word_1_379' title='bbox 622 4139 703 4190; x_wconf 79' lang='lat' dir='ltr'><strong>rectit.</strong></span> <span class='ocrx_word' id='word_1_380' title='bbox 720 4143 778 4198; x_wconf 82' lang='lat' dir='ltr'><strong>(vs.</strong></span> <span class='ocrx_word' id='word_1_381' title='bbox 795 4135 932 4196; x_wconf 67' lang='lat' dir='ltr'><strong>t-abi]</strong></span> <span class='ocrx_word' id='word_1_382' title='bbox 951 4132 993 4185; x_wconf 87' lang='lat' dir='ltr'><strong>sic</strong></span> <span class='ocrx_word' id='word_1_383' title='bbox 1009 4133 1060 4186; x_wconf 74' lang='lat' dir='ltr'><strong>Et.</strong></span> <span class='ocrx_word' id='word_1_384' title='bbox 1072 4129 1164 4196; x_wconf 50' lang='lat' dir='ltr'><strong>twa</strong></span> <span class='ocrx_word' id='word_1_385' title='bbox 1182 4131 1232 4182; x_wconf 82' lang='lat' dir='ltr'><strong>itt.</strong></span> <span class='ocrx_word' id='word_1_386' title='bbox 1246 4131 1322 4185; x_wconf 74' lang='lat' dir='ltr'><strong>ibbe.</strong></span> <span class='ocrx_word' id='word_1_387' title='bbox 1477 4135 1597 4196; x_wconf 72' lang='lat' dir='ltr'><strong>Antiqua</strong></span> <span class='ocrx_word' id='word_1_388' title='bbox 1614 4149 1682 4186; x_wconf 80' lang='lat' dir='ltr'><strong>vero</strong></span> <span class='ocrx_word' id='word_1_389' title='bbox 1701 4139 1832 4201; x_wconf 77' lang='lat' dir='ltr'><strong>quaedem</strong></span> <span class='ocrx_word' id='word_1_390' title='bbox 1851 4141 1895 4190; x_wconf 88' lang='lat' dir='ltr'><strong>est</strong></span> <span class='ocrx_word' id='word_1_391' title='bbox 1914 4139 2122 4196; x_wconf 66' lang='lat' dir='ltr'><strong>orimnorum</strong></span> <span class='ocrx_word' id='word_1_392' title='bbox 2141 4147 2229 4211; x_wconf 79' lang='lat' dir='ltr'><strong>tana,</strong></span> 
     </span>
     <span class='ocr_line' id='line_1_56' title="bbox 404 4204 2129 4278; baseline -0.003 -10"><span class='ocrx_word' id='word_1_393' title='bbox 404 4217 487 4269; x_wconf 75' lang='lat' dir='ltr'><strong>babet</strong></span> <span class='ocrx_word' id='word_1_394' title='bbox 503 4215 606 4264; x_wconf 68' lang='lat' dir='ltr'><strong>bucce</strong></span> <span class='ocrx_word' id='word_1_395' title='bbox 623 4207 897 4270; x_wconf 76' lang='lat' dir='ltr'><strong>interpretationem:</strong></span> <span class='ocrx_word' id='word_1_396' title='bbox 1480 4204 1557 4264; x_wconf 76' lang='lat' dir='ltr'><strong>Quod</strong></span> <span class='ocrx_word' id='word_1_397' title='bbox 1575 4205 1661 4255; x_wconf 85' lang='lat' dir='ltr'><strong>tuerit</strong></span> <span class='ocrx_word' id='word_1_398' title='bbox 1677 4211 1743 4256; x_wconf 86' lang='lat' dir='ltr'><strong>ente</strong></span> <span class='ocrx_word' id='word_1_399' title='bbox 1762 4208 1861 4258; x_wconf 75' lang='lat' dir='ltr'><strong>bircae</strong></span> <span class='ocrx_word' id='word_1_400' title='bbox 1878 4211 1996 4260; x_wconf 86' lang='lat' dir='ltr'><strong>coniunx</strong></span> <span class='ocrx_word' id='word_1_401' title='bbox 2013 4213 2129 4278; x_wconf 77' lang='lat' dir='ltr'><strong>byeus,</strong></span> 
     </span>
     <span class='ocr_line' id='line_1_57' title="bbox 439 4269 2309 4348; baseline -0.003 -14"><span class='ocrx_word' id='word_1_402' title='bbox 439 4283 508 4348; x_wconf 79' lang='lat' dir='ltr'><strong>ouis</strong></span> <span class='ocrx_word' id='word_1_403' title='bbox 525 4280 601 4332; x_wconf 84' lang='lat' dir='ltr'><strong>iovis</strong></span> <span class='ocrx_word' id='word_1_404' title='bbox 618 4276 784 4329; x_wconf 84' lang='lat' dir='ltr'><strong>corrivsiers</strong></span> <span class='ocrx_word' id='word_1_405' title='bbox 804 4287 860 4325; x_wconf 88' lang='lat' dir='ltr'><strong>non</strong></span> <span class='ocrx_word' id='word_1_406' title='bbox 878 4273 956 4324; x_wconf 83' lang='lat' dir='ltr'><strong>novit</strong></span> <span class='ocrx_word' id='word_1_407' title='bbox 972 4269 1129 4321; x_wconf 82' lang='lat' dir='ltr'><strong>nortatinnr</strong></span> <span class='ocrx_word' id='word_1_408' title='bbox 1479 4271 1618 4335; x_wconf 79' lang='lat' dir='ltr'><strong>insignem</strong></span> <span class='ocrx_word' id='word_1_409' title='bbox 1636 4277 1741 4338; x_wconf 83' lang='lat' dir='ltr'><strong>septen</strong></span> <span class='ocrx_word' id='word_1_410' title='bbox 1760 4275 1884 4327; x_wconf 85' lang='lat' dir='ltr'><strong>turribus</strong></span> <span class='ocrx_word' id='word_1_411' title='bbox 1901 4277 1973 4329; x_wconf 83' lang='lat' dir='ltr'><strong>benc</strong></span> <span class='ocrx_word' id='word_1_412' title='bbox 1991 4281 2149 4334; x_wconf 76' lang='lat' dir='ltr'><strong>nominans</strong></span> <span class='ocrx_word' id='word_1_413' title='bbox 2168 4283 2309 4334; x_wconf 77' lang='lat' dir='ltr'><strong>civitaten.</strong></span> 
     </span>
     <span class='ocr_line' id='line_1_58' title="bbox 440 4339 2344 4417; baseline -0.007 -17"><span class='ocrx_word' id='word_1_414' title='bbox 440 4351 573 4417; x_wconf 75' lang='lat' dir='ltr'><strong>Argivum</strong></span> <span class='ocrx_word' id='word_1_415' title='bbox 592 4345 836 4410; x_wconf 67' lang='lat' dir='ltr'><strong>amphitryonem,</strong></span> <span class='ocrx_word' id='word_1_416' title='bbox 853 4355 931 4406; x_wconf 79' lang='lat' dir='ltr'><strong>quern</strong></span> <span class='ocrx_word' id='word_1_417' title='bbox 950 4341 1069 4390; x_wconf 78' lang='lat' dir='ltr'><strong>Aicecns</strong></span> <span class='ocrx_word' id='word_1_418' title='bbox 1087 4339 1154 4388; x_wconf 82' lang='lat' dir='ltr'><strong>otim</strong></span> <span class='ocrx_word' id='word_1_419' title='bbox 1477 4339 1642 4404; x_wconf 76' lang='lat' dir='ltr'><strong>Priusquam</strong></span> <span class='ocrx_word' id='word_1_420' title='bbox 1664 4348 1775 4404; x_wconf 83' lang='lat' dir='ltr'><strong>utentes</strong></span> <span class='ocrx_word' id='word_1_421' title='bbox 1800 4345 1874 4394; x_wconf 82' lang='lat' dir='ltr'><strong>albis</strong></span> <span class='ocrx_word' id='word_1_422' title='bbox 1892 4347 1971 4410; x_wconf 83' lang='lat' dir='ltr'><strong>equis</strong></span> <span class='ocrx_word' id='word_1_423' title='bbox 1992 4349 2105 4400; x_wconf 86' lang='lat' dir='ltr'><strong>iratres</strong></span> <span class='ocrx_word' id='word_1_424' title='bbox 2130 4353 2270 4416; x_wconf 73' lang='lat' dir='ltr'><strong>inperium</strong></span> <span class='ocrx_word' id='word_1_425' title='bbox 2286 4353 2344 4395; x_wconf 85' lang='lat' dir='ltr'><strong>occa·</strong></span> 
     </span>
     <span class='ocr_line' id='line_1_59' title="bbox 435 4404 2036 4484; baseline -0.004 -10"><span class='ocrx_word' id='word_1_426' title='bbox 435 4419 551 4484; x_wconf 74' lang='lat' dir='ltr'><strong>Genuit,</strong></span> <span class='ocrx_word' id='word_1_427' title='bbox 568 4415 642 4468; x_wconf 78' lang='lat' dir='ltr'><strong>ttius</strong></span> <span class='ocrx_word' id='word_1_428' title='bbox 658 4413 772 4478; x_wconf 85' lang='lat' dir='ltr'><strong>Persei,</strong></span> <span class='ocrx_word' id='word_1_429' title='bbox 790 4415 896 4476; x_wconf 83' lang='lat' dir='ltr'><strong>peiren</strong></span> <span class='ocrx_word' id='word_1_430' title='bbox 912 4410 1003 4472; x_wconf 83' lang='lat' dir='ltr'><strong>ipsun</strong></span> <span class='ocrx_word' id='word_1_431' title='bbox 1020 4404 1169 4460; x_wconf 71' lang='lat' dir='ltr'><strong>iterantis?</strong></span> <span class='ocrx_word' id='word_1_432' title='bbox 1796 4417 1912 4474; x_wconf 86' lang='lat' dir='ltr'><strong>passent</strong></span> <span class='ocrx_word' id='word_1_433' title='bbox 1930 4419 2036 4482; x_wconf 84' lang='lat' dir='ltr'><strong>terrae,</strong></span> 
     </span>
     <span class='ocr_line' id='line_1_60' title="bbox 439 4477 2020 4553; baseline -0.004 -14"><span class='ocrx_word' id='word_1_434' title='bbox 439 4489 492 4553; x_wconf 81' lang='lat' dir='ltr'><strong>ont</strong></span> <span class='ocrx_word' id='word_1_435' title='bbox 508 4489 559 4538; x_wconf 85' lang='lat' dir='ltr'><strong>bes</strong></span> <span class='ocrx_word' id='word_1_436' title='bbox 578 4487 685 4536; x_wconf 68' lang='lat' dir='ltr'><strong>thebas</strong></span> <span class='ocrx_word' id='word_1_437' title='bbox 703 4483 835 4543; x_wconf 84' lang='lat' dir='ltr'><strong>incoluit,</strong></span> <span class='ocrx_word' id='word_1_438' title='bbox 853 4481 898 4530; x_wconf 85' lang='lat' dir='ltr'><strong>ubi</strong></span> <span class='ocrx_word' id='word_1_439' title='bbox 915 4477 1058 4540; x_wconf 82' lang='lat' dir='ltr'><strong>terrigena</strong></span> <span class='ocrx_word' id='word_1_440' title='bbox 1317 4515 1320 4524; x_wconf 87' lang='grc'>.</span> <span class='ocrx_word' id='word_1_441' title='bbox 1479 4478 1612 4540; x_wconf 79' lang='lat' dir='ltr'><strong>Anpbion</strong></span> <span class='ocrx_word' id='word_1_442' title='bbox 1631 4485 1714 4543; x_wconf 80' lang='lat' dir='ltr'><strong>etque</strong></span> <span class='ocrx_word' id='word_1_443' title='bbox 1731 4481 1853 4544; x_wconf 78' lang='lat' dir='ltr'><strong>uerius,</strong></span> <span class='ocrx_word' id='word_1_444' title='bbox 1871 4481 1921 4533; x_wconf 85' lang='lat' dir='ltr'><strong>niu</strong></span> <span class='ocrx_word' id='word_1_445' title='bbox 1937 4485 2020 4536; x_wconf 83' lang='lat' dir='ltr'><strong>ieris.</strong></span> 
     </span>
     <span class='ocr_line' id='line_1_61' title="bbox 439 4545 2205 4621; baseline 0 -12"><span class='ocrx_word' id='word_1_446' title='bbox 439 4560 603 4620; x_wconf 79' lang='lat' dir='ltr'><strong>spertornnr</strong></span> <span class='ocrx_word' id='word_1_447' title='bbox 621 4565 703 4618; x_wconf 86' lang='lat' dir='ltr'><strong>seges</strong></span> <span class='ocrx_word' id='word_1_448' title='bbox 720 4549 864 4616; x_wconf 84' lang='lat' dir='ltr'><strong>provenit,</strong></span> <span class='ocrx_word' id='word_1_449' title='bbox 889 4563 922 4599; x_wconf 84' lang='lat' dir='ltr'><strong>ex</strong></span> <span class='ocrx_word' id='word_1_450' title='bbox 941 4557 1054 4610; x_wconf 82' lang='lat' dir='ltr'><strong>quorun</strong></span> <span class='ocrx_word' id='word_1_451' title='bbox 1074 4555 1177 4608; x_wconf 80' lang='lat' dir='ltr'><strong>genere</strong></span> <span class='ocrx_word' id='word_1_452' title='bbox 1193 4545 1271 4594; x_wconf 76' lang='lat' dir='ltr'><strong>biars</strong></span> <span class='ocrx_word' id='word_1_453' title='bbox 1478 4547 1564 4598; x_wconf 83' lang='lat' dir='ltr'><strong>cuius</strong></span> <span class='ocrx_word' id='word_1_454' title='bbox 1581 4548 1675 4599; x_wconf 68' lang='lat' dir='ltr'><strong>wiern</strong></span> <span class='ocrx_word' id='word_1_455' title='bbox 1692 4551 1803 4600; x_wconf 85' lang='lat' dir='ltr'><strong>nonirrc</strong></span> <span class='ocrx_word' id='word_1_456' title='bbox 1819 4551 1893 4602; x_wconf 84' lang='lat' dir='ltr'><strong>titius</strong></span> <span class='ocrx_word' id='word_1_457' title='bbox 1912 4553 2000 4614; x_wconf 82' lang='lat' dir='ltr'><strong>petris</strong></span> <span class='ocrx_word' id='word_1_458' title='bbox 2022 4556 2205 4621; x_wconf 77' lang='lat' dir='ltr'><strong>nominatus,</strong></span> 
     </span>
     <span class='ocr_line' id='line_1_62' title="bbox 440 4612 2280 4688; baseline -0.003 -12"><span class='ocrx_word' id='word_1_459' title='bbox 440 4625 570 4678; x_wconf 71' lang='lat' dir='ltr'><strong>servarit</strong></span> <span class='ocrx_word' id='word_1_460' title='bbox 587 4634 730 4673; x_wconf 80' lang='lat' dir='ltr'><strong>numerum</strong></span> <span class='ocrx_word' id='word_1_461' title='bbox 746 4631 877 4683; x_wconf 76' lang='lat' dir='ltr'><strong>parturn,</strong></span> <span class='ocrx_word' id='word_1_462' title='bbox 895 4616 941 4682; x_wconf 83' lang='lat' dir='ltr'><strong>qui</strong></span> <span class='ocrx_word' id='word_1_463' title='bbox 959 4615 1055 4666; x_wconf 72' lang='lat' dir='ltr'><strong>(istm</strong></span> <span class='ocrx_word' id='word_1_464' title='bbox 1072 4612 1214 4663; x_wconf 79' lang='lat' dir='ltr'><strong>civitatens</strong></span> <span class='ocrx_word' id='word_1_465' title='bbox 1478 4617 1621 4665; x_wconf 73' lang='lat' dir='ltr'><strong>aleberes</strong></span> <span class='ocrx_word' id='word_1_466' title='bbox 1638 4628 1694 4668; x_wconf 89' lang='lat' dir='ltr'><strong>non</strong></span> <span class='ocrx_word' id='word_1_467' title='bbox 1713 4619 1857 4686; x_wconf 83' lang='lat' dir='ltr'><strong>existens,</strong></span> <span class='ocrx_word' id='word_1_468' title='bbox 1874 4621 1925 4670; x_wconf 81' lang='lat' dir='ltr'><strong>sest</strong></span> <span class='ocrx_word' id='word_1_469' title='bbox 1944 4633 1977 4672; x_wconf 88' lang='lat' dir='ltr'><strong>ex</strong></span> <span class='ocrx_word' id='word_1_470' title='bbox 1994 4623 2115 4676; x_wconf 74' lang='lat' dir='ltr'><strong>Euboea</strong></span> <span class='ocrx_word' id='word_1_471' title='bbox 2136 4627 2280 4688; x_wconf 82' lang='lat' dir='ltr'><strong>protectus,</strong></span> 
     </span>
     <span class='ocr_line' id='line_1_63' title="bbox 438 4681 2341 4759; baseline -0.002 -16"><span class='ocrx_word' id='word_1_472' title='bbox 438 4692 607 4745; x_wconf 71' lang='lat' dir='ltr'><strong>reedificant</strong></span> <span class='ocrx_word' id='word_1_473' title='bbox 623 4689 766 4753; x_wconf 75' lang='lat' dir='ltr'><strong>posteris,</strong></span> <span class='ocrx_word' id='word_1_474' title='bbox 785 4701 819 4738; x_wconf 85' lang='lat' dir='ltr'><strong>ex</strong></span> <span class='ocrx_word' id='word_1_475' title='bbox 836 4687 936 4750; x_wconf 68' lang='lat' dir='ltr'><strong>qubus</strong></span> <span class='ocrx_word' id='word_1_476' title='bbox 953 4685 1064 4736; x_wconf 84' lang='lat' dir='ltr'><strong>creatus</strong></span> <span class='ocrx_word' id='word_1_477' title='bbox 1081 4684 1126 4734; x_wconf 87' lang='lat' dir='ltr'><strong>est</strong></span> <span class='ocrx_word' id='word_1_478' title='bbox 1357 4733 1360 4740; x_wconf 86' lang='grc'><strong>,</strong></span> <span class='ocrx_word' id='word_1_479' title='bbox 1479 4685 1610 4734; x_wconf 70' lang='lat' dir='ltr'><strong>interficit</strong></span> <span class='ocrx_word' id='word_1_480' title='bbox 1645 4687 1810 4748; x_wconf 67' lang='lat' dir='ltr'><strong>creontene</strong></span> <span class='ocrx_word' id='word_1_481' title='bbox 1846 4691 1874 4738; x_wconf 87' lang='lat' dir='ltr'><strong>et</strong></span> <span class='ocrx_word' id='word_1_482' title='bbox 1907 4701 1967 4739; x_wconf 83' lang='lat' dir='ltr'><strong>cun</strong></span> <span class='ocrx_word' id='word_1_483' title='bbox 2003 4692 2219 4759; x_wconf 78' lang='lat' dir='ltr'><strong>interfecisset,</strong></span> <span class='ocrx_word' id='word_1_484' title='bbox 2254 4681 2341 4748; x_wconf 67' lang='lat' dir='ltr'><strong>inperii</strong></span> 
     </span>
     <span class='ocr_line' id='line_1_64' title="bbox 439 4755 1895 4824; baseline -0.005 -11"><span class='ocrx_word' id='word_1_485' title='bbox 439 4763 549 4822; x_wconf 80' lang='lat' dir='ltr'><strong>creon,</strong></span> <span class='ocrx_word' id='word_1_486' title='bbox 568 4759 707 4809; x_wconf 75' lang='lat' dir='ltr'><strong>Menoecei</strong></span> <span class='ocrx_word' id='word_1_487' title='bbox 726 4758 820 4820; x_wconf 86' lang='lat' dir='ltr'><strong>iiiios,</strong></span> <span class='ocrx_word' id='word_1_488' title='bbox 840 4769 890 4806; x_wconf 84' lang='lat' dir='ltr'><strong>rex</strong></span> <span class='ocrx_word' id='word_1_489' title='bbox 910 4755 990 4804; x_wconf 84' lang='lat' dir='ltr'><strong>boias</strong></span> <span class='ocrx_word' id='word_1_490' title='bbox 1008 4756 1109 4802; x_wconf 75' lang='lat' dir='ltr'><strong>terroe.</strong></span> <span class='ocrx_word' id='word_1_491' title='bbox 1790 4761 1895 4824; x_wconf 82' lang='lat' dir='ltr'><strong>terrac,</strong></span> 
     </span>
     <span class='ocr_line' id='line_1_65' title="bbox 440 4821 2248 4891; baseline -0.001 -12"><span class='ocrx_word' id='word_1_492' title='bbox 440 4831 532 4883; x_wconf 86' lang='lat' dir='ltr'><strong>crece</strong></span> <span class='ocrx_word' id='word_1_493' title='bbox 549 4837 616 4875; x_wconf 87' lang='lat' dir='ltr'><strong>vero</strong></span> <span class='ocrx_word' id='word_1_494' title='bbox 634 4829 765 4891; x_wconf 78' lang='lat' dir='ltr'><strong>tiegerse</strong></span> <span class='ocrx_word' id='word_1_495' title='bbox 782 4825 862 4876; x_wconf 83' lang='lat' dir='ltr'><strong>butes</strong></span> <span class='ocrx_word' id='word_1_496' title='bbox 880 4823 975 4874; x_wconf 83' lang='lat' dir='ltr'><strong>existit</strong></span> <span class='ocrx_word' id='word_1_497' title='bbox 993 4827 1081 4884; x_wconf 86' lang='lat' dir='ltr'><strong>peter,</strong></span> <span class='ocrx_word' id='word_1_498' title='bbox 1478 4821 1620 4870; x_wconf 78' lang='lat' dir='ltr'><strong>seditione</strong></span> <span class='ocrx_word' id='word_1_499' title='bbox 1639 4821 1807 4873; x_wconf 80' lang='lat' dir='ltr'><strong>laborantem</strong></span> <span class='ocrx_word' id='word_1_500' title='bbox 1826 4825 1915 4876; x_wconf 87' lang='lat' dir='ltr'><strong>obiter</strong></span> <span class='ocrx_word' id='word_1_501' title='bbox 1933 4837 2079 4889; x_wconf 79' lang='lat' dir='ltr'><strong>occupans</strong></span> <span class='ocrx_word' id='word_1_502' title='bbox 2098 4832 2248 4882; x_wconf 76' lang='lat' dir='ltr'><strong>civitaten.</strong></span> 
     </span>
     <span class='ocr_line' id='line_1_66' title="bbox 440 4888 2139 4966; baseline 0.002 -19"><span class='ocrx_word' id='word_1_503' title='bbox 440 4901 527 4966; x_wconf 74' lang='lat' dir='ltr'><strong>Quen</strong></span> <span class='ocrx_word' id='word_1_504' title='bbox 545 4905 641 4944; x_wconf 84' lang='lat' dir='ltr'><strong>onnes</strong></span> <span class='ocrx_word' id='word_1_505' title='bbox 659 4896 825 4956; x_wconf 81' lang='lat' dir='ltr'><strong>nuptiaiibus</strong></span> <span class='ocrx_word' id='word_1_506' title='bbox 842 4892 1008 4944; x_wconf 77' lang='lat' dir='ltr'><strong>carminibus</strong></span> <span class='ocrx_word' id='word_1_507' title='bbox 1026 4888 1146 4938; x_wconf 71' lang='lat' dir='ltr'><strong>aiebant</strong></span> <span class='ocrx_word' id='word_1_508' title='bbox 1163 4889 1228 4940; x_wconf 84' lang='lat' dir='ltr'><strong>otim</strong></span> <span class='ocrx_word' id='word_1_509' title='bbox 1478 4891 1561 4939; x_wconf 82' lang='lat' dir='ltr'><strong>itobie</strong></span> <span class='ocrx_word' id='word_1_510' title='bbox 1581 4901 1649 4938; x_wconf 79' lang='lat' dir='ltr'><strong>vero</strong></span> <span class='ocrx_word' id='word_1_511' title='bbox 1666 4889 1790 4941; x_wconf 78' lang='lat' dir='ltr'><strong>affinitas</strong></span> <span class='ocrx_word' id='word_1_512' title='bbox 1808 4895 1844 4942; x_wconf 85' lang='lat' dir='ltr'><strong>ert</strong></span> <span class='ocrx_word' id='word_1_513' title='bbox 1862 4895 2007 4945; x_wconf 82' lang='lat' dir='ltr'><strong>creontem</strong></span> <span class='ocrx_word' id='word_1_514' title='bbox 2030 4901 2139 4963; x_wconf 85' lang='lat' dir='ltr'><strong>retsts,</strong></span> 
     </span>
     <span class='ocr_line' id='line_1_67' title="bbox 441 4959 2163 5027; baseline 0.001 -11"><span class='ocrx_word' id='word_1_515' title='bbox 441 4967 510 5020; x_wconf 78' lang='lat' dir='ltr'><strong>cun</strong></span> <span class='ocrx_word' id='word_1_516' title='bbox 526 4963 594 5014; x_wconf 80' lang='lat' dir='ltr'><strong>tibia</strong></span> <span class='ocrx_word' id='word_1_517' title='bbox 611 4964 855 5026; x_wconf 79' lang='lat' dir='ltr'><strong>concelebrarent,</strong></span> <span class='ocrx_word' id='word_1_518' title='bbox 873 4963 980 5024; x_wconf 81' lang='lat' dir='ltr'><strong>quanto</strong></span> <span class='ocrx_word' id='word_1_519' title='bbox 999 4960 1035 5008; x_wconf 79' lang='lat' dir='ltr'><strong>su</strong></span> <span class='ocrx_word' id='word_1_520' title='bbox 1052 4969 1128 5006; x_wconf 80' lang='lat' dir='ltr'><strong>meas</strong></span> <span class='ocrx_word' id='word_1_521' title='bbox 1478 4959 1678 5014; x_wconf 70' lang='lat' dir='ltr'><strong>incommodum</strong></span> <span class='ocrx_word' id='word_1_522' title='bbox 1700 4962 1845 5012; x_wconf 75' lang='lat' dir='ltr'><strong>maximnm</strong></span> <span class='ocrx_word' id='word_1_523' title='bbox 1864 4967 1909 5019; x_wconf 86' lang='lat' dir='ltr'><strong>(nt</strong></span> <span class='ocrx_word' id='word_1_524' title='bbox 1928 4965 2018 5026; x_wconf 78' lang='lat' dir='ltr'><strong>pelen</strong></span> <span class='ocrx_word' id='word_1_525' title='bbox 2040 4973 2105 5027; x_wconf 85' lang='lat' dir='ltr'><strong>eet)</strong></span> <span class='ocrx_word' id='word_1_526' title='bbox 2124 4972 2163 5022; x_wconf 81' lang='lat' dir='ltr'><strong>ut.</strong></span> 
     </span>
     <span class='ocr_line' id='line_1_68' title="bbox 439 5027 2246 5096; baseline -0.001 -10"><span class='ocrx_word' id='word_1_527' title='bbox 439 5038 543 5086; x_wconf 77' lang='lat' dir='ltr'><strong>Bonos</strong></span> <span class='ocrx_word' id='word_1_528' title='bbox 559 5031 683 5094; x_wconf 77' lang='lat' dir='ltr'><strong>inclytus</strong></span> <span class='ocrx_word' id='word_1_529' title='bbox 702 5029 834 5078; x_wconf 85' lang='lat' dir='ltr'><strong>ttercnies</strong></span> <span class='ocrx_word' id='word_1_530' title='bbox 851 5031 940 5091; x_wconf 85' lang='lat' dir='ltr'><strong>ipsum</strong></span> <span class='ocrx_word' id='word_1_531' title='bbox 958 5027 1117 5076; x_wconf 76' lang='lat' dir='ltr'><strong>retexeret.</strong></span> <span class='ocrx_word' id='word_1_532' title='bbox 1478 5028 1539 5075; x_wconf 79' lang='lat' dir='ltr'><strong>tteo</strong></span> <span class='ocrx_word' id='word_1_533' title='bbox 1559 5029 1630 5076; x_wconf 88' lang='lat' dir='ltr'><strong>enin</strong></span> <span class='ocrx_word' id='word_1_534' title='bbox 1648 5029 1785 5080; x_wconf 84' lang='lat' dir='ltr'><strong>existente</strong></span> <span class='ocrx_word' id='word_1_535' title='bbox 1804 5029 1861 5080; x_wconf 89' lang='lat' dir='ltr'><strong>titio</strong></span> <span class='ocrx_word' id='word_1_536' title='bbox 1879 5031 1908 5080; x_wconf 88' lang='lat' dir='ltr'><strong>in</strong></span> <span class='ocrx_word' id='word_1_537' title='bbox 1928 5037 2127 5094; x_wconf 77' lang='lat' dir='ltr'><strong>penetrstibes</strong></span> <span class='ocrx_word' id='word_1_538' title='bbox 2146 5041 2246 5096; x_wconf 80' lang='lat' dir='ltr'><strong>terrae,</strong></span> 
     </span>
     <span class='ocr_line' id='line_1_69' title="bbox 441 5095 2153 5168; baseline -0.002 -14"><span class='ocrx_word' id='word_1_539' title='bbox 441 5101 558 5154; x_wconf 80' lang='lat' dir='ltr'><strong>tteiictis</strong></span> <span class='ocrx_word' id='word_1_540' title='bbox 574 5112 642 5150; x_wconf 84' lang='lat' dir='ltr'><strong>vero</strong></span> <span class='ocrx_word' id='word_1_541' title='bbox 660 5095 1006 5160; x_wconf 57' lang='lat' dir='ltr'><strong>ruscinonensem</strong></span> <span class='ocrx_word' id='word_1_542' title='bbox 1026 5107 1088 5157; x_wconf 78' lang='lat' dir='ltr'><strong>ceo,</strong></span> <span class='ocrx_word' id='word_1_543' title='bbox 1477 5096 1603 5157; x_wconf 74' lang='lat' dir='ltr'><strong>inclytos</strong></span> <span class='ocrx_word' id='word_1_544' title='bbox 1625 5097 1673 5144; x_wconf 89' lang='lat' dir='ltr'><strong>iiic</strong></span> <span class='ocrx_word' id='word_1_545' title='bbox 1690 5099 1769 5156; x_wconf 81' lang='lat' dir='ltr'><strong>nnius</strong></span> <span class='ocrx_word' id='word_1_546' title='bbox 1788 5102 1883 5148; x_wconf 76' lang='lat' dir='ltr'><strong>terrae</strong></span> <span class='ocrx_word' id='word_1_547' title='bbox 1902 5101 2034 5163; x_wconf 86' lang='lat' dir='ltr'><strong>princeps</strong></span> <span class='ocrx_word' id='word_1_548' title='bbox 2050 5107 2153 5168; x_wconf 67' lang='lat' dir='ltr'><strong>hyon.</strong></span> 
     </span>
     <span class='ocr_line' id='line_1_70' title="bbox 440 5164 2003 5236; baseline -0.003 -13"><span class='ocrx_word' id='word_1_549' title='bbox 440 5175 607 5236; x_wconf 66' lang='lat' dir='ltr'><strong>itemtque</strong></span> <span class='ocrx_word' id='word_1_550' title='bbox 625 5171 691 5233; x_wconf 80' lang='lat' dir='ltr'><strong>bac,</strong></span> <span class='ocrx_word' id='word_1_551' title='bbox 708 5164 883 5228; x_wconf 77' lang='lat' dir='ltr'><strong>socerisque,</strong></span> <span class='ocrx_word' id='word_1_552' title='bbox 901 5166 974 5214; x_wconf 78' lang='lat' dir='ltr'><strong>ttius</strong></span> <span class='ocrx_word' id='word_1_553' title='bbox 993 5177 1069 5214; x_wconf 87' lang='lat' dir='ltr'><strong>neus</strong></span> <span class='ocrx_word' id='word_1_554' title='bbox 1478 5164 1649 5214; x_wconf 83' lang='lat' dir='ltr'><strong>tiercutenos</strong></span> <span class='ocrx_word' id='word_1_555' title='bbox 1667 5165 1741 5214; x_wconf 75' lang='lat' dir='ltr'><strong>uitas</strong></span> <span class='ocrx_word' id='word_1_556' title='bbox 1758 5167 1915 5219; x_wconf 72' lang='lat' dir='ltr'><strong>interficere</strong></span> <span class='ocrx_word' id='word_1_557' title='bbox 1931 5169 2003 5234; x_wconf 86' lang='lat' dir='ltr'><strong>vnit,</strong></span> 
     </span>
     <span class='ocr_line' id='line_1_71' title="bbox 442 5232 2206 5304; baseline 0 -15"><span class='ocrx_word' id='word_1_558' title='bbox 442 5239 549 5304; x_wconf 74' lang='lat' dir='ltr'><strong>Argiva</strong></span> <span class='ocrx_word' id='word_1_559' title='bbox 565 5237 689 5299; x_wconf 79' lang='lat' dir='ltr'><strong>moenis,</strong></span> <span class='ocrx_word' id='word_1_560' title='bbox 706 5235 759 5285; x_wconf 83' lang='lat' dir='ltr'><strong>ree</strong></span> <span class='ocrx_word' id='word_1_561' title='bbox 776 5236 837 5296; x_wconf 88' lang='lat' dir='ltr'><strong>est,</strong></span> <span class='ocrx_word' id='word_1_562' title='bbox 854 5233 1029 5294; x_wconf 81' lang='lat' dir='ltr'><strong>cyciopeiarn</strong></span> <span class='ocrx_word' id='word_1_563' title='bbox 1048 5233 1152 5290; x_wconf 84' lang='lat' dir='ltr'><strong>urbem,</strong></span> <span class='ocrx_word' id='word_1_564' title='bbox 1476 5232 1628 5282; x_wconf 79' lang='lat' dir='ltr'><strong>interiecta</strong></span> <span class='ocrx_word' id='word_1_565' title='bbox 1645 5245 1749 5295; x_wconf 86' lang='lat' dir='ltr'><strong>uxore,</strong></span> <span class='ocrx_word' id='word_1_566' title='bbox 1768 5238 1798 5284; x_wconf 88' lang='lat' dir='ltr'><strong>nt</strong></span> <span class='ocrx_word' id='word_1_567' title='bbox 1813 5237 1898 5286; x_wconf 87' lang='lat' dir='ltr'><strong>cserte</strong></span> <span class='ocrx_word' id='word_1_568' title='bbox 1917 5239 2066 5302; x_wconf 78' lang='lat' dir='ltr'><strong>extinguet</strong></span> <span class='ocrx_word' id='word_1_569' title='bbox 2084 5243 2206 5304; x_wconf 68' lang='lat' dir='ltr'><strong>maen,</strong></span> 
     </span>
     <span class='ocr_line' id='line_1_72' title="bbox 439 5294 2328 5370; baseline -0.004 -12"><span class='ocrx_word' id='word_1_570' title='bbox 439 5307 605 5370; x_wconf 79' lang='lat' dir='ltr'><strong>concupivit</strong></span> <span class='ocrx_word' id='word_1_571' title='bbox 629 5304 800 5367; x_wconf 80' lang='lat' dir='ltr'><strong>inhabitsre,</strong></span> <span class='ocrx_word' id='word_1_572' title='bbox 824 5311 903 5365; x_wconf 75' lang='lat' dir='ltr'><strong>quen</strong></span> <span class='ocrx_word' id='word_1_573' title='bbox 927 5312 979 5364; x_wconf 76' lang='lat' dir='ltr'><strong>ego</strong></span> <span class='ocrx_word' id='word_1_574' title='bbox 1003 5299 1095 5364; x_wconf 78' lang='lat' dir='ltr'><strong>tegio,</strong></span> <span class='ocrx_word' id='word_1_575' title='bbox 1119 5315 1179 5352; x_wconf 82' lang='lat' dir='ltr'><strong>cun</strong></span> <span class='ocrx_word' id='word_1_576' title='bbox 1204 5301 1321 5354; x_wconf 84' lang='lat' dir='ltr'><strong>interte—</strong></span> <span class='ocrx_word' id='word_1_577' title='bbox 1475 5301 1512 5348; x_wconf 82' lang='lat' dir='ltr'><strong>us</strong></span> <span class='ocrx_word' id='word_1_578' title='bbox 1530 5313 1587 5364; x_wconf 83' lang='lat' dir='ltr'><strong>ree,</strong></span> <span class='ocrx_word' id='word_1_579' title='bbox 1606 5299 1645 5366; x_wconf 86' lang='lat' dir='ltr'><strong>(si</strong></span> <span class='ocrx_word' id='word_1_580' title='bbox 1663 5302 1726 5364; x_wconf 81' lang='lat' dir='ltr'><strong>quit</strong></span> <span class='ocrx_word' id='word_1_581' title='bbox 1745 5309 1773 5352; x_wconf 83' lang='lat' dir='ltr'><strong>et</strong></span> <span class='ocrx_word' id='word_1_582' title='bbox 1790 5317 1835 5352; x_wconf 78' lang='lat' dir='ltr'><strong>ne</strong></span> <span class='ocrx_word' id='word_1_583' title='bbox 1852 5309 1985 5354; x_wconf 78' lang='lat' dir='ltr'><strong>correcte</strong></span> <span class='ocrx_word' id='word_1_584' title='bbox 2000 5309 2084 5360; x_wconf 84' lang='lat' dir='ltr'><strong>ieter</strong></span> <span class='ocrx_word' id='word_1_585' title='bbox 2102 5311 2180 5361; x_wconf 81' lang='lat' dir='ltr'><strong>viros</strong></span> <span class='ocrx_word' id='word_1_586' title='bbox 2195 5294 2328 5359; x_wconf 77' lang='lat' dir='ltr'><strong>cnnerrrel</strong></span> 
     </span>
     <span class='ocr_line' id='line_1_73' title="bbox 500 5369 2045 5436; baseline 0.003 -18"><span class='ocrx_word' id='word_1_587' title='bbox 500 5379 508 5404; x_wconf 64' lang='lat'><strong>·,</strong></span> <span class='ocrx_word' id='word_1_588' title='bbox 749 5371 850 5422; x_wconf 78' lang='lat' dir='ltr'><strong>cireen</strong></span> <span class='ocrx_word' id='word_1_589' title='bbox 1476 5373 1548 5418; x_wconf 76' lang='lat' dir='ltr'><strong>bene</strong></span> <span class='ocrx_word' id='word_1_590' title='bbox 1567 5369 1715 5434; x_wconf 80' lang='lat' dir='ltr'><strong>innectite,</strong></span> <span class='ocrx_word' id='word_1_591' title='bbox 1733 5383 1768 5420; x_wconf 88' lang='lat' dir='ltr'><strong>ne</strong></span> <span class='ocrx_word' id='word_1_592' title='bbox 1787 5375 1894 5436; x_wconf 77' lang='lat' dir='ltr'><strong>quando</strong></span> <span class='ocrx_word' id='word_1_593' title='bbox 1912 5375 2045 5424; x_wconf 80' lang='lat' dir='ltr'><strong>bisuntii</strong></span> 
     </span>
    </p>

    <p class='ocr_par' dir='ltr' id='par_1_16' title="bbox 440 5437 2122 5507">
     <span class='ocr_line' id='line_1_74' title="bbox 440 5437 2122 5507; baseline 0.002 -13"><span class='ocrx_word' id='word_1_594' title='bbox 440 5442 650 5507; x_wconf 67' lang='lat' dir='ltr'><strong>Electryonem</strong></span> <span class='ocrx_word' id='word_1_595' title='bbox 668 5439 841 5492; x_wconf 73' lang='lat' dir='ltr'><strong>cucurrere·</strong></span> <span class='ocrx_word' id='word_1_596' title='bbox 859 5450 926 5490; x_wconf 85' lang='lat' dir='ltr'><strong>rere</strong></span> <span class='ocrx_word' id='word_1_597' title='bbox 943 5447 1021 5490; x_wconf 75' lang='lat' dir='ltr'><strong>neas</strong></span> <span class='ocrx_word' id='word_1_598' title='bbox 1476 5439 1516 5488; x_wconf 82' lang='lat' dir='ltr'><strong>tte</strong></span> <span class='ocrx_word' id='word_1_599' title='bbox 1533 5437 1677 5488; x_wconf 83' lang='lat' dir='ltr'><strong>evcncnlts</strong></span> <span class='ocrx_word' id='word_1_600' title='bbox 1693 5440 1806 5504; x_wconf 77' lang='lat' dir='ltr'><strong>erigent</strong></span> <span class='ocrx_word' id='word_1_601' title='bbox 1824 5442 1970 5506; x_wconf 70' lang='lat' dir='ltr'><strong>sanguinis</strong></span> <span class='ocrx_word' id='word_1_602' title='bbox 1988 5455 2122 5504; x_wconf 75' lang='lat' dir='ltr'><strong>poenam.</strong></span> 
     </span>
    </p>
   </div>
   <div class='ocr_carea' id='block_1_16' title="bbox 0 0 2388 6100">
    <p class='ocr_par' dir='ltr' id='par_1_17' title="bbox 0 0 2388 6100">
     <span class='ocr_line' id='line_1_75' title="bbox 0 0 2388 6100; baseline 0 0"><span class='ocrx_word' id='word_1_603' title='bbox 0 0 2388 6100; x_wconf 95' lang='lat' dir='ltr'><strong> </strong></span> 
     </span>
    </p>
   </div>
  </div>
 </body>
</html>
