4748 6108
75 219 132 307 ps
338 327 340 336 1
461 169 1713 306 rntvurur.uu›unmr1oratiocinantesrcumrmts.¹
1881 275 1892 293 ,
2021 227 2099 322 054

20 445 26 481 ,
112 393 248 482 „Dicere
261 391 387 462 lutura
405 389 628 478 insanientes
644 393 795 492 taeefl).
1141 389 1259 465 Nobis
1276 413 1364 462 vero
1380 390 1551 464 omnibus
1567 405 1603 464 et
1620 391 1692 464 toti·
1703 397 1828 488 generi
1843 399 1936 474 adsit
1951 397 2082 480 honor.

25 559 26 565 ,
112 497 221 570 blattis
237 513 380 593 quoque
395 508 537 590 partem
559 499 828 597 assunrpsit’¹);
1141 495 1252 568 Vides
1265 493 1460 568 Actaeonis
1476 495 1650 568 miserum
1667 495 1870 588 interitum,

23 580 32 685 Ι
111 601 297 674 Exercitum
319 601 416 672 enim
437 601 604 676 inarmis
620 604 709 674 etin
732 601 923 699 procinctu
938 613 1037 673 stan·
1142 599 1260 696 Quem
1277 597 1462 674 crudivsri
1476 625 1600 688 carme,
1625 627 1716 696 quos
1732 599 1835 692 aluit,

456 718 544 794 tem,
1140 704 1438 799 Discerpserunt,
1459 705 1764 798 praestantiorem
1780 709 1821 783 in
1836 707 2029 782 venatione

108 809 195 881 Metu
208 807 471 904 perterrefecit,
488 811 702 910 priusquam
717 793 919 884 dimicaret.
1089 808 1166 886 540
1188 809 1309 908 Quam
1326 808 1446 881 Diana
1461 809 1501 880 in
1516 809 1625 906 sylvis
1641 809 1858 904 gloriantem
1873 840 1911 890 se
1927 837 2014 892 esse.

72 910 128 987 505
147 914 242 1010 Quae
257 913 482 986 conservatio
502 917 671 988 estfuror
688 911 882 988 aBaecbo.
1140 915 1250 1012 Quod
1275 939 1322 986 ne
1345 915 1412 986 tibi
1435 913 1594 1000 accidat,
1628 914 1714 985 veni
1737 912 1830 1008 huc,
1856 931 1892 992 et
1913 931 2088 994 coronato

106 1019 278 1090 Praeterea
293 1019 433 1092 videbis
446 1043 531 1091 eum
548 1021 588 1092 in
602 1015 787 1114 Delphicis
804 1018 910 1105 saxis,
1161 1051 1171 1058 ·
1500 1031 1610 1112 caput
1628 1029 1732 1091 tuum

104 1121 283 1196 salientem
298 1149 381 1198 cum
396 1123 552 1210 facibus,
573 1135 609 1195 et
625 1123 809 1218 bicipitem
821 1147 953 1216 rupem
1139 1123 1303 1208 Hedera,
1328 1133 1365 1192 et
1377 1117 1566 1194 nobiscum
1583 1121 1707 1202 tribue=
1718 1117 1899 1196 bonorem
1918 1125 2011 1200 Deo.

101 1225 374 1333 percutientem,
403 1240 439 1299 et
474 1229 694 1324 quatientem
712 1225 908 1299 Bacchicas
933 1228 1033 1297 iron-
1137 1231 1222 1302 Pes.
1267 1227 1509 1324 Nequaquam
1545 1227 1756 1300 admovebis
1789 1223 1882 1298 mihi
1914 1256 2085 1314 manum;

19 1397 21 1468 1
100 1433 138 1504 Et
151 1433 376 1536 maguum“)
393 1331 679 1531 perdilsr’aeciam.
732 1433 803 1506 Sed
817 1429 921 1518 mibi,
938 1431 1032 1504 Pen·
1135 1401 1263 1532 Neque
1285 1447 1418 1506 atteras
1435 1327 1878 1508 5111151555515515515551555511
1882 1387 1894 1420 ’

449 1535 556 1626 theu,
583 1539 807 1632 obtempera.
1083 1534 1161 1610 345
1185 1539 1291 1612 Hunc
1304 1551 1423 1610 autem
1440 1551 1719 1632 praeceptorem
1729 1552 1814 1616 tuae
1828 1539 2031 1614 dementiae

66 1640 120 1711 510
150 1641 200 1716 Ne
229 1655 336 1736 putes
359 1655 395 1714 te
418 1656 570 1737 propter
591 1667 744 1736 regnum
766 1640 968 1736 potentiam
991 1639 1029 1708 in
1134 1644 1338 1736 Aggredior
1352 1666 1484 1736 poena.
1535 1641 1751 1740 Eataliquis
1770 1645 2072 1740 quamprimum,

447 1741 617 1820 homines
631 1742 782 1828 habere;
1134 1747 1323 1819 Profectus
1339 1748 1385 1816 ad
1401 1747 1521 1831 sedes,
1543 1745 1607 1818 ubi
1621 1745 1854 1832 vaticinatur,

99 1847 189 1943 Sique
205 1848 244 1919 id
258 1861 388 1943 putas,
409 1875 492 1922 cunr
507 1864 569 1922 tua
586 1849 712 1942 opinio
730 1863 836 1934 erret,
1133 1849 1304 1922 Vectibus
1319 1849 1485 1922 tridentis
1499 1863 1619 1924 everte
1635 1874 1695 1923 cas
1709 1864 1823 1936 retro,

101 1951 139 2026 Ne
156 1953 339 2026 existimes
365 1967 400 2024 te
425 1978 572 2048 sapere,
598 1957 661 2024 secl
686 1952 804 2025 Deum
827 1952 867 2020 in
892 1962 1027 2023 terram
1132 1953 1284 2026 Sursum
1299 1966 1335 2025 et
1348 1955 1518 2025 deorsum
1536 1953 1660 2024 omnia
1676 1953 1830 2026 miscens
1843 1953 1965 2042 simul,

450 2059 583 2152 recipe,
1082 2053 1159 2130 350
1180 2057 1345 2130 Coronas
1359 2057 1476 2130 ventis
1491 2069 1528 2128 et
1538 2057 1707 2151 procellis
1725 2057 1880 2134 dimitte.

104 2157 133 2231 51
144 2163 235 2248 liba,
258 2173 296 2234 et
309 2155 507 2248 bacchate,
527 2174 563 2232 et
578 2171 754 2230 coronato
769 2171 887 2254 caput.
1131 2159 1292 2234 Maxime
1309 2161 1427 2256 ipsum
1449 2162 1627 2234 mordebo
1642 2157 1714 2234 hoc
1725 2160 1874 2237 iaciens.

98 2261 163 2336 Nou
177 2268 253 2360 ipse
268 2264 457 2360 Dionysus
472 2277 575 2358 coget
590 2263 791 2358 impudicas
808 2289 882 2337 esse
1130 2263 1206 2338 Vos
1221 2265 1355 2364 reliqui
1368 2277 1493 2340 euntes
1508 2290 1574 2361 per
1589 2263 1792 2353 civitatem,
1816 2263 2030 2360 investigate

66 2361 114 2438 515
132 2369 319 2450 Mulieres.
343 2370 461 2442 sedin
476 2382 609 2440 natura
1129 2366 1237 2442 lllum
1265 2370 1512 2442 effeminatum
1543 2365 1747 2466 hospitem,
1783 2369 1849 2468 qui
1879 2367 2079 2442 introducit

94 2467 173 2546 locst
186 2471 364 2568 pudicitia
382 2495 599 2568 quocunque
617 2483 795 2565 tempore.
1496 2473 1669 2548 morbum

94 2573 157 2648 lloc
178 2578 488 2652 considerandum
513 2588 586 2664 est,
625 2576 735 2648 etism
756 2577 797 2646 in
816 2569 1025 2648 Bacchana-
1128 2575 1277 2652 Novum
1311 2577 1544 2666 mulieribus,
1584 2591 1620 2648 et
1650 2575 1833 2652 connubia
1859 2573 2080 2650 contumelia

444 2680 551 2766 libus,
1501 2680 1624 2756 afficit.

92 2780 181 2874 Quae
194 2798 331 2860 natura
346 2784 478 2878 pudica
496 2797 570 2870 cst,
594 2808 671 2854 non
685 2796 950 2877 corrumpetur.
1077 2780 1155 2858 355
1177 2783 1228 2858 Et
1241 2785 1274 2860 si
1290 2785 1475 2882 ceperitis,
1498 2785 1661 2859 vinctum
1675 2783 1844 2856 adducite
1878 2844 1881 2853 ,

90 2881 209 2962 Vides?
236 2903 279 2966 tu
295 2889 448 2982 gaudes,
475 2889 623 2983 quaudo
641 2889 785 2960 adstant
800 2888 847 2960 ad
863 2902 986 2983 portas
1129 2889 1210 2962 Huc
1224 2916 1327 2975 eum,
1350 2904 1392 2963 ut
1407 2889 1642 2986 lapidationis
1655 2912 1816 2984 poenam
1828 2900 1957 2961 nactus
2053 2879 2057 2886 ¹

19 3035 24 3081 t
57 2984 110 3062 150
124 2991 239 3082 Multi,
254 3005 294 3066 et
307 2994 456 3088 quaudo
472 2987 627 3064 Penthei
640 3017 776 3066 nomen
790 2994 878 3066 urbs
887 2993 1026 3088 magni-
1128 2993 1324 3080 Moriatur,
1337 2994 1463 3067 videns
1479 2996 1608 3066 acerba
1616 2987 1860 3066 Bacchanalia
1874 2991 1914 3063 in
1929 2985 2077 3066 Thebis.

19 3086 25 3112 ⁸
446 3098 542 3169 ficat.
1132 3102 1209 3170 atr.
1232 3095 1409 3184 Omiser,
1434 3095 1570 3182 nescis,
1593 3122 1667 3192 quo
1682 3097 1786 3169 vadis
1801 3119 1982 3184 sermone,

88 3193 128 3266 Et
140 3198 197 3272 ille
213 3201 417 3274 delectatur
431 3195 593 3286 honore,
615 3212 657 3271 ut
673 3198 848 3282 arbitron
1126 3196 1205 3270 lam
1221 3200 1378 3286 insanis,
1399 3213 1436 3272 et
1451 3213 1534 3272 aute
1550 3223 1652 3274 mens
1669 3211 1770 3272 mota
1787 3211 1853 3273 est.

88 3296 156 3394 Ego
173 3319 301 3378 autem
315 3317 351 3374 et
366 3303 542 3390 Cadmus,
565 3328 673 3400 quem
691 3315 731 3376 tu
746 3302 901 3387 derides,
1077 3303 1153 3376 360
1174 3302 1313 3378 Eamus
1326 3328 1413 3390 nos,
1435 3301 1592 3390 Cadme,
1616 3317 1653 3376 et
1666 3327 1857 3398 precemur

88 3401 221 3482 lledera
240 3408 521 3492 coronabimur,
546 3420 582 3478 et
598 3407 732 3480 erimus
744 3408 783 3478 in
799 3401 912 3480 cboro
1129 3409 1204 3482 Pro
1220 3408 1312 3495 isto,
1332 3431 1556 3504 quamquam
1573 3407 1747 3480 existente
1761 3431 1884 3492 saevo,

19 3509 21 3584 1
86 3506 193 3584 Senile
207 3513 361 3604 iugum,
384 3525 509 3582 tamen
524 3512 683 3583 eundum
699 3512 812 3584 estad
827 3506 991 3583 eborum.
1128 3511 1177 3584 Et
1191 3538 1260 3608 pro
1276 3512 1422 3584 civitate
1438 3511 1578 3598 Deum,
1598 3535 1644 3584 ne
1661 3511 1751 3608 quid
1765 3509 1923 3582 ferocius

50 3603 104 3684 ³25
126 3613 199 3690 Nec
212 3617 391 3710 pugnabo
410 3628 536 3688 eontra
551 3613 688 3702 Deum,
710 3614 781 3688 tuis
797 3613 1024 3688 sermonibus
1127 3616 1271 3699 Faciat;
1294 3619 1358 3688 sed
1381 3641 1532 3712 sequere
1546 3641 1604 3690 me
1618 3609 1819 3688 hederaceo
1836 3637 1919 3686 eum
1933 3609 2078 3682 baculo.

445 3742 648 3814 persuasus.
1126 3719 1175 3794 Et
1189 3733 1305 3794 tentes
1319 3722 1467 3792 firmare
1483 3744 1607 3794 meum
1622 3743 1772 3814 corpus,
1795 3730 1832 3790 et
1846 3741 1912 3812 ego
1928 3727 2045 3786 tuum.

83 3813 212 3896 lucanis
227 3823 455 3918 perniciose,
476 3837 512 3894 et
525 3847 642 3920 neque
656 3818 863 3920 pharmacis
1075 3820 1154 3902 865
1184 3825 1295 3900 Senes
1322 3825 1420 3896 enirn
1443 3825 1553 3898 simul
1571 3835 1698 3896 euntes
1718 3821 1849 3896 cadere
1873 3833 1979 3914 turpe
2004 3829 2076 3896 cett

83 3920 296 4000 Remedium
312 3926 484 4022 accipies,
508 3951 627 4022 neque
642 3927 790 4022 langues
802 3927 879 4000 sine
894 3920 964 4002 his.
1498 3940 1536 4002 ct
1552 3940 1678 4000 tamen

85 4030 176 4104 (lior.
204 4031 244 4102 0
265 4055 395 4118 senex,
422 4026 613 4102 Phoebum
635 4055 711 4102 non
733 4033 929 4104 dedecoras
951 4030 1022 4104 tuis
1127 4027 1294 4118 Baccho,
1317 4029 1412 4106 lovis
1428 4032 1524 4120 lilio,
1546 4029 1778 4106 serviendum
1795 4039 1861 4100 est.

445 4134 568 4214 dictiss
1083 4188 1095 4214 .
1125 4132 1310 4208 Pentheus
1342 4160 1428 4206 vero
1460 4135 1604 4207 utinam
1640 4157 1720 4206 non
1756 4133 1894 4203 luctum
1936 4126 2076 4198 adierat

83 4229 123 4306 Et
138 4233 282 4312 honore
296 4234 454 4309 afficiens
465 4235 680 4321 Bromium,
699 4233 808 4330 sapis.
938 4266 940 4272 s
1488 4237 1648 4308 familiae

49 4327 105 4405 3³0
128 4343 210 4416 cca.
235 4340 271 4412 Ο
288 4340 360 4426 iili,
383 4353 478 4412 reete
494 4339 653 4412 Tiresias
668 4351 703 4410 te
720 4339 929 4412 admonuit:
1127 4339 1252 4428 Tuae,
1274 4341 1429 4422 cadmo
1447 4335 1519 4412 hoc
1534 4364 1612 4412 non
1627 4339 1709 4414 dico
1724 4331 1971 4418 vaticinando,

83 4439 227 4518 llabites
242 4445 432 4518 nobiscum
449 4469 527 4516 non
541 4456 641 4514 extra
657 4443 764 4535 leges.
1125 4443 1197 4520 Sed
1213 4445 1446 4542 experientia.
1478 4443 1629 4532 „Stulta
1646 4441 1745 4518 enim
1757 4439 1887 4518 stultus
1902 4433 2077 4536 loquitur·

83 4541 181 4619 Nunc
197 4549 298 4620 enim
314 4548 464 4636 volitas,
484 4561 520 4620 et
534 4547 708 4642 sapiendo
723 4541 867 4638 desipis.

85 4647 119 4718 Si
133 4653 284 4748 quidem
298 4665 441 4726 nonest
456 4651 555 4724 Deus
569 4645 648 4736 bic,
670 4663 713 4722 ut
730 4663 770 4722 tu
785 4648 886 4736 dicis,
1424 4615 1645 4720 [35505159
1672 4611 1734 4719 Ῑ·]

83 4753 185 4846 Apud
201 4769 237 4830 tc
256 4757 387 4846 dicito,
410 4771 446 4828 et
459 4755 612 4828 mentire
628 4752 790 4840 honeste,
1074 4757 1153 4834 070
1173 4759 1273 4834 dtur.
1298 4757 1430 4830 Sancta
1445 4759 1654 4834 veneranda
1668 4753 1902 4852 Deorum¹⁸),

46 4845 106 4924 ³³⁵
127 4859 237 4954 Quod
251 4862 298 4936 sit
312 4861 470 4934 Semeles
483 4860 591 4946 lilius,
605 4873 647 4932 ut
661 4860 827 4930 videatur
842 4851 1022 4954 peperisse
1126 4860 1279 4947 Sancta,
1302 4885 1395 4958 quae
1411 4861 1451 4932 in
1466 4873 1564 4932 terra

442 4963 574 5048 Deum,
1127 4967 1267 5038 Aureus
1282 4967 1357 5038 alas
1371 4968 1456 5052 fers,

46 5087 236 5120 *Ἢ-
852 5109 855 5120 ·
1126 5068 1226 5140 llaec
1239 5065 1393 5140 Penthei
1408 5065 1537 5140 audis?

70 5183 217 5317 ”zaphath
225 5201 473 5324 tptqppporpplaeq
493 5201 569 5254 ωσι,
596 5203 664 5254 „022
680 5211 784 5268 ηιμ
811 5200 952 5254 nmmo
976 5201 1023 5254 m.
1127 5171 1241 5246 Audis
1254 5175 1447 5268 profanam
1461 5169 1634 5244 iniuriam

72 5339 114 5408 ²⁴)
132 5351 164 5404 ll.
183 5354 202 5404 1.
220 5357 283 5412 ests.
302 5361 369 5410 note
386 5367 493 5422 merga
522 5357 553 5407 ld
572 5359 635 5424 est,
653 5357 781 5412 bellatur.

72 5427 115 5496 ²⁶)
132 5441 271 5512 10ῑιῑιιυι]
299 5441 522 5510 etct=rurt1e
538 5441 656 5514 Μέγαν)
681 5445 769 5500 nutet
787 5447 909 5510 receuts
935 5446 1022 5500 11111.
1109 5447 1160 5516 κ)
1178 5449 1284 5500 secere
1307 5459 1370 5500 vsu.
1393 5445 1530 5506 osorum]
1553 5441 1596 5494 tls
1620 5439 1650 5495 tu
1667 5453 1757 5510 ως.
1774 5440 1862 5500 natet
1882 5441 1975 5508 tm,
1996 5439 2073 5496 1565.

105 5505 187 5574 1650,
207 5513 282 5567 tm.
299 5525 437 5582 maen.
856 5587 858 5592 Ι
1146 5517 1291 5582 suscepte
1308 5521 1352 5568 est
1370 5513 1535 5579 sxpttostto:
1553 5513 1584 5566 111
1601 5515 1662 5582 est,
1682 5513 1819 5568 Senatu.

1410 5580 1499 5658 54·
