4748 6108
63 207 120 280 aar
273 155 278 160 ’
463 133 617 268 rxvur.
673 149 1073 270 mraneaucarro
1105 151 1335 268 macons
1366 191 1621 275 uanumrs.
1987 217 2062 294 aaa

102 381 188 472 Ubus.
211 370 260 444 Et
274 369 404 442 deinde
419 379 455 438 et
469 379 504 437 te
520 379 555 438 et
569 367 705 440 amicos
720 381 755 440 et
769 391 889 442 senem
1116 368 1216 443 Affer
1232 363 1342 454 mibi,
1367 365 1518 464 hospes,
1544 375 1634 445 aller
1647 387 1765 450 utrem
1784 407 1827 456 ex
1842 399 1960 460 antro.

60 480 117 558 465
136 479 167 550 la
177 475 277 546 naus
290 474 415 565 nigrae
431 493 555 540 cavam
571 471 749 544 collocans
763 469 955 566 scapham,
1117 476 1217 568 Glor.
1228 479 1230 487 '
1242 467 1439 546 Pulchrum
1455 477 1568 550 oculis
1581 481 1706 554 videns

96 581 280 678 Duplicibus
294 577 404 654 remis
418 599 462 646 ex
476 569 543 646 bac
557 576 756 646 emitterem
773 589 881 650 terra.
1066 573 1142 648 510
1167 575 1222 646 Ex
1239 571 1388 669 pulchra
1404 582 1585 670 egreditur
1598 583 1692 656 aula.

96 691 171 762 clar.
195 681 276 754 Erit
291 681 400 772 igitur
415 691 589 771 tanquam
607 703 650 750 ex
664 679 809 756 loedere
825 678 915 763 Dei,
1114 680 1225 752 Amat
1239 680 1368 774 aliquis
1386 706 1464 754 uos.

12 863 13 880 2
94 791 195 882 Etego
215 785 387 878 accipiam
407 795 653 854 excaecantem
670 785 792 856 oculos
1117 782 1216 854 Sicut
1224 779 1501 876 lychniincensi
1517 790 1681 862 ardentes
1689 790 1757 890 ¹⁴),
1788 807 1888 866 tuum

11 887 16 930 l
94 895 243 970 Torrem;
269 887 388 958 caedis
406 885 501 954 enim
517 879 623 957 buius
637 887 754 958 socius
772 910 847 958 esse
863 885 958 956 volo.
1117 887 1276 980 Corpus,
1302 901 1339 957 et
1351 889 1444 959 sicut
1461 903 1584 962 tenera
1599 891 1760 987 nympha

54 1000 113 1072 tto
139 997 237 1088 myas.
270 991 322 1062 lta
340 1011 483 1060 necesse
502 999 573 1072 est,
599 990 684 1083 quia
699 1014 852 1082 magnus
866 1002 920 1062 est
941 1000 1014 1058 tor·
1116 987 1214 1060 luter
1227 989 1349 1062 rorida
1363 1005 1480 1063 antra.

151 1101 212 1180 ris,
240 1119 346 1190 quem
364 1107 398 1164 te
417 1091 524 1162 simul
536 1089 844 1183 comprehendere
860 1104 1014 1185 oportet.
1067 1089 1143 1166 515
1169 1093 1397 1166 Coronarum
1412 1119 1499 1166 vero
1514 1117 1590 1162 non
1605 1119 1698 1168 uuus
1714 1101 1814 1169 color

92 1205 172 1275 clu.
198 1199 378 1270 Cmruum
395 1206 538 1266 centum
555 1196 691 1286 possim
709 1198 834 1268 tollere
850 1199 1014 1288 pondus,
1118 1196 1221 1268 Circa
1241 1210 1344 1268 tuum
1360 1212 1468 1290 caput
1482 1198 1554 1266 iam
1574 1197 1644 1268 cito
1662 1201 1740 1272 erit.

89 1305 122 1376 Si
135 1303 290 1398 Cyclopis
305 1300 399 1370 male
416 1295 569 1389 perituri
1121 1302 1231 1394 Ulysa.
1258 1299 1429 1394 Cyclops,
1456 1301 1560 1384 audi,
1587 1301 1670 1395 quia
1693 1327 1758 1396 ego
1775 1305 1906 1380 Baccbi

11 1471 13 1480 .
89 1407 248 1488 Oculum,
279 1417 452 1496 tanquam
476 1399 601 1469 nidum
629 1425 840 1491 vesparum,
881 1400 1014 1492 poteri·
1117 1403 1232 1475 Huius
1248 1403 1412 1474 minister
1424 1431 1523 1488 suna,
1551 1429 1656 1498 quem
1673 1407 1867 1480 bibendum
1884 1415 1967 1485 dedi
1982 1417 2059 1490 tibi.

11 1533 12 1536 ¹
432 1527 512 1574 mus
531 1503 674 1574 elidere.
1116 1509 1207 1600 Gyri.
1233 1502 1394 1578 Bacchus
1411 1531 1498 1578 vero
1516 1507 1596 1600 quis
1610 1507 1708 1580 Deus
1722 1513 1893 1602 putatur?

11 1619 13 1726 l
90 1613 185 1703 atyn.
212 1609 473 1686 Tacetenunc3
507 1605 695 1676 consilium
713 1604 938 1691 enimscitis,
1061 1606 1142 1683 '520
1173 1611 1283 1702 myra.
1310 1610 1489 1682 Maximus
1507 1605 1713 1683 hominibus
1730 1617 1776 1684 ad
1802 1617 2059 1694 iucunditatem

11 1731 12 1762 ἒ
52 1709 108 1789 lli
130 1713 329 1808 thuaudo
347 1709 452 1790 iubeo
477 1707 778 1800 gubernatoribus
1243 1705 1246 1716 ’
1477 1713 1584 1784 vitae.

87 1819 224 1895 Parere;
252 1839 317 1905 ego
333 1813 429 1882 enim
445 1810 544 1882 viros
559 1810 767 1904 relinquens
783 1807 931 1895 charos,
1119 1817 1210 1906 Gyri.
1235 1815 1369 1886 Eructo
1381 1816 1492 1907 igitur
1508 1841 1589 1884 eum
1605 1817 1765 1890 suaviter
1781 1843 1858 1910 ego.

87 1921 146 2014 Qui
161 1919 255 1990 intus
270 1929 371 2000 sunt,
397 1937 474 1986 non
489 1914 572 1984 volo
588 1913 685 1984 solus
699 1915 861 1988 evadere.
894 1977 898 1986 .
1121 1921 1232 2008 Ulyss.
1275 1919 1376 1990 Talis
1402 1918 1499 1989 Deus
1529 1931 1600 2001 est,
1641 1921 1823 1992 neminem
1857 1924 1968 1995 laedit
1996 1921 2061 1996 ho·
2207 1909 2210 1916 ¹

89 2023 302 2116 Quamquam
324 2041 466 2112 possem
489 2016 665 2106 effugere,
699 2027 734 2084 et
755 2039 914 2109 egressus
935 2041 1013 2092 sum
1405 2057 1408 2066 Δ
1478 2021 1631 2092 minum.

428 2143 471 2190 ex
491 2118 759 2208 antriangulis;
1118 2125 1207 2215 Gyri.
1242 2121 1339 2194 Deus
1374 2124 1413 2194 in
1441 2137 1522 2196 utre
1550 2127 1734 2218 quomodo
1756 2127 1910 2201 laetatur
1936 2131 2062 2204 vinum

88 2230 142 2298 Sed
159 2225 331 2296 iniustum
347 2235 401 2296 est
415 2221 679 2316 relinquentem
694 2223 810 2296 socios
826 2244 947 2312 meos,
1475 2223 1635 2298 habens?

51 2330 106 2402 480
127 2329 214 2400 Cum
231 2327 361 2424 quibus
377 2325 460 2394 veni
477 2321 565 2408 buc,
592 2325 748 2416 effugere
762 2326 891 2398 sulum.
1119 2329 1229 2417 Ulysr.
1254 2323 1468 2424 Ubicunque
1483 2329 1588 2422 ponit
1603 2331 1745 2426 aliquis,
1768 2334 1817 2404 ibi
1832 2347 1886 2406 est
1900 2335 2064 2409 libenter.

87 2435 172 2507 clar.
197 2432 272 2523 Age
289 2430 368 2525 quis
384 2429 535 2520 primus,
562 2429 642 2522 quis
658 2451 744 2498 vero
761 2443 842 2522 post
857 2431 1014 2524 primum
1068 2425 1144 2502 525
1172 2433 1262 2521 cycl.
1296 2430 1380 2502 Non
1405 2445 1551 2526 oportet
1571 2431 1690 2504 Deum
1715 2461 1845 2529 corpus
1868 2433 1999 2508 habere
2026 2440 2063 2508 in

84 2536 270 2608 Ordinatur
285 2547 419 2603 torrem
438 2531 590 2622 ignitum
610 2527 762 2615 vehens,
1478 2536 1641 2628 pellibus.

82 2637 169 2710 lutra
186 2636 351 2732 Cyclopis
366 2635 557 2727 palpebras
571 2634 778 2718 intrudens,
1123 2637 1233 2726 Ulyss.
1262 2635 1380 2728 Quid,
1405 2637 1435 2710 si
1453 2651 1489 2707 te
1505 2639 1628 2708 vinum
1654 2637 1824 2724 delectat,
1858 2663 1905 2709 an
1930 2641 2064 2713 utricu-

11 2767 13 2804 s
43 2739 103 2813 485
126 2743 270 2813 Clarum
288 2739 431 2810 oculum
447 2735 669 2830 perforabit?
720 2731 898 2812 *semiss
923 2738 1016 2812 Can-
1482 2741 1586 2812 luste
1602 2739 1777 2810 offendit?

13 2836 14 2840 ’
425 2841 536 2913 ticum
555 2853 607 2912 est
623 2840 739 2922 inrum
1120 2843 1211 2932 Gyri.
1238 2839 1311 2910 Odi
1326 2854 1464 2927 utrem,
1487 2847 1551 2916 sed
1568 2857 1790 2935 putumamu
1807 2842 1927 2916 istum.

79 2948 190 3032 Tace,
216 2959 305 3016 tace.
357 2940 469 3038 Atqui
491 2944 611 3015 ebrius
1124 2948 1234 3034 Ulpes.
1270 2944 1421 3018 Manena
1447 2947 1556 3037 igitur
1579 2943 1638 3017 bic
1658 2947 1760 3032 bibe,
1799 2959 1834 3016 et
1855 2948 1903 3020 sis
1927 2944 2065 3035 hilaris,

12 3032 20 3117 l
78 3048 239 3144 ineptum
257 3071 403 3118 carmen
422 3045 555 3116 canens
1482 3049 1645 3144 Cyclops.

11 3175 13 3218 l
78 3153 205 3239 Teter,
233 3152 408 3224 absurdus
425 3162 461 3220 et
476 3150 682 3241 ploraturus
777 3155 787 3178 '
1118 3149 1207 3239 cycl.
1236 3147 1320 3219 Non
1337 3165 1552 3244 oportetme
1572 3151 1742 3222 fratribus
1764 3147 1861 3222 bunc
1879 3151 2064 3247 impertire

75 3255 242 3327 Procedit
257 3267 355 3324 extra
371 3276 514 3324 saxeam
532 3255 693 3323 domum
1487 3253 1637 3347 potum?

39 3359 99 3433 tao
122 3359 200 3452 Age
216 3358 333 3452 ipsum
349 3355 522 3428 conviviis
534 3355 733 3428 ciceri-emus
1070 3349 1146 3423 580
1176 3356 1287 3447 Ulyss.
1314 3354 1459 3428 liabens
1474 3357 1569 3428 enim
1586 3358 1662 3451 ipse
1679 3354 1894 3431 honoratior
1908 3360 1989 3432 eris.

73 3465 226 3541 Frruma
1122 3459 1212 3548 Gyri.
1240 3456 1450 3552 impertiens
1465 3473 1586 3532 autem
1604 3461 1747 3548 amicis,
1773 3463 1898 3534 utilior
1914 3487 1989 3538 ero.
2084 3471 2089 3478 ’

74 3566 236 3636 Omnino
250 3561 319 3630 erit
336 3583 471 3631 caecus.
1126 3565 1236 3652 Ulyss.
1271 3563 1416 3655 Pugnae
1446 3565 1672 3651 convivium,
1725 3566 1885 3636 convicia
1918 3591 1959 3636 ac
1989 3566 2068 3660 lites

73 3671 221 3742 Semtet.
248 3663 399 3745 Beatus,
425 3661 486 3756 qui
501 3657 696 3734 bacchatur
1485 3681 1595 3740 afflat,

73 3773 177 3844 Botri
197 3771 243 3860 ad
259 3764 386 3838 charos
400 3765 537 3848 fontes,
858 3791 861 3798 ’
1123 3769 1214 3859 (lyci.
1240 3768 1328 3840 Sum
1344 3769 1483 3853 ebrium
1508 3783 1632 3842 tamen
1646 3794 1754 3840 nemo
1771 3783 1894 3863 tanget
1911 3795 1979 3842 me.

34 3871 94 3946 495
120 3875 165 3946 ln
181 3870 350 3946 convivio
366 3869 504 3950 iacens,
1127 3873 1237 3962 Ulyss.
1264 3873 1361 3963 Age,
1386 3888 1512 3966 potum
1529 3885 1674 3966 oportet
1686 3873 1786 3944 domi
1799 3897 1957 3944 manere.

71 3979 220 4050 Socium
235 3977 275 4044 in
291 3973 478 4064 complexu
496 3984 640 4052 tenens,
1073 3969 1148 4044 535
1176 3977 1267 4067 Gyri.
1293 3976 1429 4049 Stultus
1442 3991 1516 4062 est,
1549 3978 1612 4072 qui
1628 3978 1754 4048 bibam
1770 3999 1844 4046 non
1859 3973 2066 4046 sodalitium
2129 4007 2133 4014 ·

71 4081 118 4151 Et
132 4083 174 4152 iu
188 4082 281 4160 lecto
296 4076 428 4146 flavum
554 4095 558 4102 ·
1480 4093 1589 4148 emat.

71 4183 259 4255 Delicatae
276 4193 401 4249 tenens
418 4173 535 4246 sociae
1127 4182 1238 4271 Ulysr.
1266 4177 1338 4271 Qui
1353 4181 1472 4252 ebrius
1487 4180 1588 4250 domi
1600 4189 1742 4261 manet,
1768 4177 1874 4272 (ἐπ”)
1889 4175 2042 4269 sapiens.

70 4285 278 4380 Unguentis
295 4283 474 4354 delibutus
1123 4285 1212 4372 (lyci.
1240 4281 1338 4374 Quid
1354 4284 1510 4375 agimus,
1536 4281 1677 4366 Silene,
1701 4279 1813 4350 tibine
1833 4280 1974 4350 videtur
1991 4303 2068 4350 nra·

29 4381 94 4461 500
123 4388 328 4483 Capillum
362 4393 468 4456 sonat
485 4375 628 4469 aliquis:
655 4372 766 4442 Fores
785 4371 865 4466 quis
885 4373 1021 4466 aperiet
1480 4387 1639 4456 nendum
1657 4379 1756 4454 0330?

444 4477 558 4551 mihi?
1125 4488 1191 4558 Sil.
1201 4483 1248 4580 ⁹⁸)
1275 4483 1446 4566 Videtur;
1471 4487 1559 4581 quid
1575 4486 1671 4556 enim
1696 4509 1786 4578 opus
1809 4499 1862 4558 est
1885 4485 1964 4558 aliis
1983 4509 2067 4556 con-

60 4654 294 4754 [cretosa
327 4658 527 4748 ΗΘΜ»
555 4649 756 4730 ⁸³¹⁶'W''
785 4637 984 4768 ⁰l⁰Y“⁸·]
1126 4691 1216 4780 cycl.
1251 4687 1298 4760 ur
1324 4587 1918 4784 maemllllralldlliloum
1946 4690 2067 4762 sonu

72 4799 169 4890 cyet.
198 4797 342 4888 Papae,
367 4785 483 4883 proh,
502 4783 621 4856 ebrius
1483 4795 1666 4888 graminis.

69 4895 213 4971 Laetor
226 4901 270 4969 de
286 4893 356 4967 hoc
372 4892 478 4984 epulo
497 4889 685 4968 iuvenum,
1080 4933 1286 4948 ----

68 4999 178 5073 Sicut
195 5000 297 5072 navis
312 4999 351 5066 in
365 4997 477 5064 fundo
495 4991 651 5108 περιάξω
770 5090 779 5106 ,
1109 5045 1159 5104 2⁴)
1176 5047 1253 5095 sicut
1269 5043 1364 5108 lychni
1381 5041 1487 5096 lucensi
1504 5047 1650 5104 ardentes]
1671 5045 1712 5098 sio
1733 5043 1833 5109 scripsi
1840 5059 1848 5106 ς
1875 5043 1960 5094 rotet
1977 5044 2066 5108 lm,

71 5101 204 5200 Usque
220 5107 266 5176 ad
280 5099 479 5172 tabulatum
502 5105 637 5164 veutrrs
650 5115 792 5161 summi.
1147 5115 1222 5166 tosa.
1242 5114 1319 5166 stent
1337 5115 1454 5177 lystros
1473 5115 1768 5178 transsumentem
1803 5115 1900 5168 aaran
1923 5115 2065 5164 nomme

18 5189 714 5390 tistitusutillum
1089 5185 1234 5336 »³⁰23
1252 5185 1687 5334 lnna.

70 5407 135 5477 Aa
153 5411 327 5506 Cyclopes
340 5409 467 5480 iratres
1109 5356 1244 5476 ”lssl‘l
1263 5356 1314 5478 ἐξ
1327 5355 1521 5484 ,lignum
1544 5360 1574 5406 ‘l
1597 5357 1712 5407 ΜΝ*
1740 5365 1828 5418 ”⁴¹⁰⁶
1851 5363 1885 5406 ⁸⁸
1908 5353 1959 5408 Ν·
1983 5353 2057 5404 Μ’

19 5511 220 5588 ninam.
242 5525 348 5591 Oen.
369 5523 454 5588 Vos.
476 5517 600 5582 xvlll.
1553 5491 1603 5564 57
