4794 6124
321 220 371 298 tt

322 418 402 464 cnm
420 391 544 484 signo,
571 393 697 490 inquo
720 395 789 466 fuit
809 397 986 481 defectus,
1018 399 1254 490 copulentur,
1283 414 1319 470 et

320 496 350 566 si
368 496 523 567 delectus
541 497 608 568 illis
623 497 829 590 regionibus
851 525 959 592 supra
976 513 1109 570 terram
1126 502 1317 574 extiterint.

603 687 657 756 De
680 695 826 774 tempere
849 697 1035 758 eventuum.

424 821 586 892 Secunda
619 823 783 892 doctrina
812 825 858 893 de
889 837 1052 915 tempore
1090 825 1317 916 significatio-

319 949 405 996 num
423 937 458 994 et
472 924 681 1006 duratione,
710 926 789 996 talis
805 941 868 1000 cst.
928 927 1018 997 Cum
1044 925 1139 996 enim
1162 930 1317 1000 delectus

319 1025 412 1098 Solis
437 1040 471 1096 et
486 1025 612 1096 Lunae
635 1053 710 1097 non
735 1029 859 1100 iisdem
886 1025 985 1100 horis
1006 1031 1254 1124 inaequalibus
1279 1033 1315 1102 in

319 1130 487 1200 omnibus
505 1130 709 1221 regionibns
731 1134 837 1216 liant,
871 1158 936 1202 nec
961 1135 1163 1204 obscuratio
1189 1159 1316 1227 corpo-

318 1257 419 1316 rum,
445 1257 511 1302 uec
525 1235 668 1304 duratio
685 1234 810 1306 similis
827 1235 892 1308 sit:
914 1238 1071 1328 primum
1096 1237 1133 1304 in
1157 1239 1317 1334 qualibet

318 1337 464 1428 regione
481 1361 547 1428 pro
564 1339 800 1428 proportione
825 1353 1030 1423 sumentur,
1065 1333 1154 1408 bora
1181 1342 1315 1434 eclipti-

319 1463 381 1520 ca,
415 1452 450 1506 et
475 1439 548 1530 poli
573 1440 744 1525 altitudo,
786 1455 820 1510 et
845 1441 1027 1526 cardines,
1060 1455 1100 1510 ut
1123 1443 1160 1511 in
1183 1445 1314 1534 genesi.

317 1539 477 1624 Deinde,
514 1554 603 1636 quot
626 1538 725 1614 boris
751 1545 1131 1638 aequinoctialibus-in
1156 1548 1315 1640 qualibet

316 1645 481 1734 regione,
509 1669 575 1736 pro
592 1647 841 1738 proportione,
868 1651 972 1718 duret
987 1648 1202 1733 obscuratio,
1230 1675 1314 1720 con·

317 1748 547 1818 siderandum
567 1761 630 1818 est.

419 1867 482 1936 His
499 1867 698 1962 inquisitis,
725 1883 813 1962 quot
831 1864 939 1940 horas
960 1867 1237 1962 aequinoctiales
1260 1871 1314 1938 in-

314 1970 519 2054 veniemus,
546 1984 600 2039 tot
614 1971 717 2041 annis
734 1973 879 2040 durabit
895 1985 1041 2042 eventus
1059 1972 1198 2064 eclipsis
1214 1973 1314 2042 Sola-

315 2075 382 2158 ris,
410 2086 464 2143 tot
479 2097 564 2142 vero
582 2074 762 2144 mensibus
785 2075 922 2167 eclipsis
938 2073 1105 2144 Lunaris.

417 2191 521 2262 lnitia
539 2217 624 2264 vero
642 2207 678 2264 et
693 2194 911 2264 incrementa
933 2194 1161 2263 effectionum
1182 2219 1313 2286 coguo-

313 2321 451 2367 sccmus
485 2321 526 2366 ex
553 2298 632 2368 loco
668 2298 843 2383 delectus,
892 2297 1108 2388 adspiciente
1137 2299 1312 2368 cardines.

312 2399 405 2470 Nam
429 2425 509 2469 cum
535 2399 632 2470 locus
654 2399 724 2488 erit
747 2401 784 2468 in
811 2397 999 2470 horizonte
1022 2399 1210 2482 orientali,
1245 2399 1313 2467 ini-

313 2501 403 2570 tium
428 2503 532 2572 erita
553 2503 808 2598 quadrimestri
831 2503 998 2595 proximo
1019 2515 1101 2596 post
1123 2504 1311 2574 delectum.

310 2601 606 2677 Velrementiores
623 2619 741 2676 autem
759 2605 1027 2698 progressiones
1045 2618 1151 2675 erunt
1176 2605 1214 2673 in
1239 2605 1312 2698 pri-

310 2732 371 2777 mo
390 2709 519 2778 triente
536 2709 725 2778 universae
740 2708 953 2779 durationis.
1004 2708 1073 2778 Sed
1090 2710 1120 2778 si
1135 2710 1233 2778 lorus
1251 2712 1311 2778 de-

309 2813 421 2882 fectus
444 2811 512 2880 erit
533 2810 571 2880 in
597 2811 716 2880 medio
742 2811 848 2896 coeli,
889 2811 993 2880 initia
1024 2823 1129 2880 erunt
1154 2815 1310 2882 secundo

310 2913 584 3010 quadrimestri,
610 2925 645 2983 et
669 2909 955 2985 vehementiores
979 2915 1247 3005 progressiones
1271 2915 1308 2983 in

280 3099 285 3106 ¹
309 3019 466 3088 secundo
485 3017 627 3088 triente.
685 3017 749 3086 Sin
764 3031 882 3088 autem
900 3018 967 3088 erit
982 3019 1081 3087 locus
1097 3019 1253 3090 delectus
1272 3019 1309 3087 in

310 3119 521 3192 occidentali
555 3116 765 3205 horizonte,
810 3121 912 3192 initia
944 3132 1051 3192 erunt
1082 3122 1189 3192 tertio
1221 3147 1309 3216 qua-

306 3222 489 3294 drimestri
517 3235 552 3293 et
579 3219 864 3298 vehementiores
896 3223 1100 3296 ellectiones
1132 3223 1171 3294 iu
1200 3226 1308 3296 tertio

308 3327 451 3398 triente.
619 3325 626 3336 ⁴

411 3446 545 3516 Verum
573 3447 806 3538 particulares
832 3444 1059 3519 remissiones
1081 3460 1116 3518 et
1139 3447 1308 3538 intentio-

307 3575 371 3620 nes
394 3549 648 3620 iudicabnntur
679 3575 721 3620 ex
755 3549 1088 3632 coniunctionibus,
1130 3575 1223 3644 quae
1254 3553 1307 3620 iu-

308 3654 413 3724 terirn
438 3655 523 3722 fient
545 3653 582 3720 in
606 3653 667 3720 illo
687 3654 787 3736 loco,
818 3653 880 3723 ubi
901 3654 969 3722 luit
993 3652 1150 3744 eclipsis,
1185 3667 1246 3722 aut
1269 3653 1306 3722 in

307 3757 587 3848 adspicientibus
604 3781 684 3825 eum
706 3757 844 3840 locum,
882 3767 917 3826 et
938 3759 983 3824 ab
1005 3755 1082 3826 aliis
1104 3755 1212 3827 stellis
1234 3783 1304 3826 una

307 3861 526 3944 orientibus,
553 3883 644 3954 qnae
664 3859 864 3952 significant
888 3859 1110 3942 ellectiones,
1142 3884 1222 3928 cum
1245 3873 1307 3930 aut

304 3965 461 4046 incrta,
487 3975 549 4032 ant
567 3963 605 4031 in
623 3987 768 4048 accessu,
795 3975 856 4034 aut
873 3961 910 4032 in
927 3961 1159 4044 stationibus,
1192 3975 1254 4034 arrt
1269 3963 1305 4032 in

307 4081 390 4137 ortu
407 4066 632 4160 vespertino,
658 4066 757 4159 signa
778 4067 1000 4162 adspiciunt,
1025 4066 1214 4160 inquibus
1239 4067 1307 4136 suit

306 4169 474 4246 delectus.

373 4287 377 4296 ’
411 4289 504 4361 Nam
539 4303 637 4360 ortus
666 4301 702 4359 et
729 4289 901 4361 stationes
924 4291 1061 4361 sariunt
1083 4289 1303 4358 incrementa

306 4405 512 4462 eventuum.
579 4389 620 4460 ln
654 4417 781 4463 occasu
805 4417 891 4462 vero
918 4406 953 4462 et
977 4393 1214 4462 occultatione
1237 4395 1304 4463 snb

305 4495 441 4578 radiis,
489 4509 523 4564 et
557 4509 639 4566 ortu
672 4496 906 4588 vespertino,
953 4491 1180 4566 remissiones
1215 4497 1304 4565 liunt

306 4611 511 4668 eventuum.

595 4791 649 4858 De
670 4811 795 4878 genere
820 4797 1008 4862 eventuum.

407 4923 572 4994 Tertium
588 4935 693 5015 caput
709 4935 780 5006 est,
808 4924 904 4994 unde
926 4923 1077 5006 sciatur,
1108 4925 1229 5017 quales
1250 4927 1305 4995 lu·

304 5026 377 5096 turi
393 5027 464 5096 sint
480 5037 638 5096 eventus.
695 5023 735 5094 ld
751 5049 793 5094 ex
811 5027 1042 5120 qualitatibus
1058 5039 1092 5094 et
1108 5027 1230 5117 liguris
1245 5053 1304 5096 eo·

304 5152 384 5198 rum
404 5129 588 5219 signorum
612 5127 785 5212 sumitur,
821 5130 858 5196 in
882 5129 1011 5222 quibus
1033 5131 1179 5200 frierrrnt
1199 5131 1304 5202 lumi·

303 5256 392 5304 num
410 5233 589 5331 delectus,
614 5245 649 5300 et
663 5231 751 5304 locis
764 5233 946 5302 stellarum
964 5233 1229 5303 dominantium
1249 5259 1304 5303 er-

303 5335 497 5408 raticarum
517 5349 552 5406 et
564 5337 734 5419 fixarum,
768 5347 805 5406 et
824 5334 927 5426 signo
944 5336 1042 5427 ipso,
1077 5337 1115 5408 in
1140 5359 1213 5432 quo
1236 5339 1303 5410 luit

303 5439 481 5524 delectus,
504 5452 538 5512 et
553 5439 675 5532 signo,
702 5440 798 5534 quod
818 5438 922 5510 estin
940 5438 1096 5514 cardine.

904 223 1028 298 ran..
1062 223 1175 298 usu.
1210 225 1413 302 souma
1451 174 1789 306 eauouoerea

2309 235 2362 304 48

1472 402 1683 474 Dominatio
1720 417 1841 476 autem
1870 406 2051 476 stellarum
2083 406 2272 478 errantium
2308 399 2370 474 ita*

1370 519 1542 578 sumetur.
1593 507 1766 602 Numqui
1791 509 1932 600 planeta
1954 509 2117 600 pluribus
2140 512 2252 578 modis
2274 537 2370 586 con-t

1370 623 1470 699 gruet
1495 612 1537 678 ad
1560 623 1752 704 utrumque
1775 611 1892 680 locum
1915 613 2092 695 delectus,
2125 624 2162 681 ct
2183 616 2225 681 ad
2246 599 2370 681 cardi-³

1369 735 1472 794 nem,
1500 712 1560 806 qni
1576 716 1757 806 seqnitur,
1784 709 1842 782 bic
1856 714 1953 786 solus
1968 715 2231 800 dominabitur,
2262 719 2370 798 vute-1

1368 814 1451 884 licet
1475 817 1537 909 qui
1561 829 1757 908 apparente
1778 840 1918 888 accessu
1938 830 2000 887 aut
2024 817 2224 888 defluxione
2241 823 2365 910 proxi-

1369 943 1448 988 mus
1470 931 1540 1003 est,
1575 933 1637 988 aut
1666 919 1727 1013 qni
1759 923 1927 1012 adspectu
1956 919 2078 1015 aliquo
2111 924 2370 1011 configuratus,

1369 1035 1429 1090 aut
1449 1023 1527 1113 plus
1551 1019 1648 1092 valet
1669 1035 1818 1114 propter
1842 1023 2084 1108 domicilium,
2119 1037 2182 1094 aut
2205 1025 2365 1114 triangu-

1368 1124 1464 1206 lum,
1497 1137 1559 1193 aut
1581 1125 1828 1210 altitudinem,
1852 1139 1926 1209 ‚aut
1953 1139 2103 1218 propter
2133 1128 2230 1198 lines.
2293 1131 2362 1198 Sin

1368 1239 1486 1294 antem
1503 1250 1577 1294 non
1600 1229 1783 1298 invenitur
1802 1230 1896 1298 idem
1922 1227 2090 1300 dominus
2111 1229 2182 1299 loci
2205 1233 2370 1304 delectus}

1367 1342 1402 1398 et
1416 1327 1590 1416 cardinis,
1622 1333 1684 1402 sed
1710 1334 1802 1402 duo:
1837 1333 2057 1402 anteferatur
2078 1331 2221 1426 quidem
2243 1319 2370 1404 ‹lotari-l

1367 1457 1433 1502 nus
1447 1433 1516 1502 loci
1532 1433 1706 1518 delectus,
1726 1436 1787 1505 scd
1805 1447 1925 1506 tamen
1939 1436 2155 1526 adiungatur
2170 1436 2273 1522 alter,
2295 1443 2361 1532 qni

1367 1537 1411 1604 ad
1427 1548 1620 1629 utrumque
1638 1537 1751 1628 magis
1767 1537 1942 1628 congruit.
2000 1538 2065 1608 Sin
2086 1551 2204 1608 autem
2227 1544 2363 1612 urnltae

1366 1637 1486 1708 stellae
1504 1639 1583 1733 pari
1597 1639 1790 1716 autoritate
1808 1653 2002 1736 utrumque
2018 1641 2135 1712 locum
2153 1642 2281 1714 intueri
2306 1651 2363 1715 vi-

1367 1742 1565 1811 debuntur:
1593 1745 1821 1812 anteferenda
1844 1743 1913 1814 erit
1934 1745 2084 1836 propior
2107 1748 2260 1828 cardini,
2295 1757 2370 1838 aru]

1366 1843 1550 1936 potentior
1563 1845 1841 1938 significatione,
1867 1860 1929 1916 aut
1944 1849 2116 1941 qualitate
2135 1851 2362 1927 familiarior.

1466 1963 1657 2034 Stellarum
1680 1979 1798 2034 autem
1823 1968 1973 2038 lixarum
1995 1973 2206 2040 assumenda
2231 1987 2280 2041 est
2303 1987 2370 2068 cad

1366 2088 1457 2156 quae
1473 2067 1573 2159 quasi
1591 2068 1768 2158 praesidet
1778 2071 2179 2160 praetereunticardini,
2197 2079 2358 2166 etsplen-

1365 2168 1453 2236 dore
1470 2168 1590 2258 potior
1606 2183 1658 2240 est
1673 2175 1867 2242 secundum
1884 2197 2014 2244 novem
2030 2177 2179 2262 modos,
2213 2206 2298 2272 quos
2319 2183 2370 2248 in*

1364 2269 1458 2339 libro
1491 2284 1618 2344 octavo
1652 2273 1805 2366 Magnae
1838 2277 2110 2367 compositionis
2124 2279 2169 2374 ¹¹)
2207 2286 2333 2348 tradidi
2342 2279 2370 2357 ,·’

1365 2385 1427 2442 aaut
1450 2399 1543 2466 quae
1568 2377 1675 2446 simul
1698 2379 1813 2448 oritur
1834 2379 1871 2446 in
1894 2381 1970 2472 ipsa
1988 2376 2078 2450 bora
2096 2384 2262 2460 delectus,
2289 2383 2370 2448 autl

1365 2487 1462 2544 tenet
1478 2478 1634 2548 medium
1653 2481 1741 2548 coeli
1758 2481 1853 2552 iuxta
1869 2483 2045 2566 cardines,
2069 2484 2183 2552 locum
2199 2484 2354 2552 delectus

1364 2591 1563 2674 sequentes.
2369 2651 2370 2670 ,

1465 2681 1530 2754 His
1554 2684 1602 2752 ita
1624 2685 1876 2770 consideratis,
1909 2702 1945 2760 et
1968 2687 2153 2780 assumptis
2175 2689 2286 2757 stellis
2311 2693 2370 2774 ad,

1363 2807 1487 2856 causas
1504 2786 1729 2874 iudicandas,
1755 2789 1890 2880 figurae
1902 2791 2082 2883 signorum
2099 2791 2362 2883 adspiciantur,

1363 2885 1401 2956 in
1417 2889 1546 2982 quibus
1561 2893 1601 2960 fit
1615 2891 1789 2974 defectus,
1815 2903 1851 2960 et
1867 2891 1904 2962 in
1919 2895 2046 2988 quibus
2059 2905 2143 2964 sunt
2157 2895 2282 2964 stellae
2298 2897 2363 2961 do-

1362 2990 1560 3077 minantes,
1586 2996 1680 3064 unde
1696 3019 1807 3087 genus
1822 3009 2015 3068 eventuum
2041 2997 2192 3068 iudicari
2216 2999 2370 3088 poterita

1361 3091 1455 3166 Nam
1474 3121 1565 3190 quae
1588 3094 1723 3168 habent
1739 3094 1934 3168 humanam
1958 3102 2110 3191 liguram
2134 3101 2173 3170 in
2188 3091 2370 3184 zodiaco}

1360 3197 1560 3289 significant
1579 3197 1802 3272 hominibus.
1870 3203 2073 3276 Terrestris
2109 3229 2195 3274 vero
2228 3205 2366 3293 signiti-

1361 3315 1443 3371 cant
1460 3303 1523 3388 iis,
1550 3329 1705 3399 quorum
1723 3307 1857 3397 figurae
1873 3305 1982 3398 signis
1996 3305 2131 3379 similes
2147 3321 2241 3378 sunt.
2280 3309 2367 3374 Ser-

1360 3417 1484 3496 pentes
1502 3409 1594 3475 mala
1614 3409 1815 3500 significant
1832 3409 2077 3502 exanguibus,
2103 3424 2139 3480 ct
2153 3413 2247 3480 ferae
2264 3412 2370 3476 nrala

1360 3509 1524 3580 exseris.
1585 3509 1727 3581 Bestiae
1756 3526 1963 3583 mansuetae
1993 3513 2195 3606 significant
2224 3487 2370 3582 danmal

1360 3633 1401 3682 ex
1428 3613 1631 3684 domesticis
1654 3627 1688 3684 et
1712 3617 1925 3702 mansuetis,
1974 3629 2008 3686 et
2037 3621 2081 3685 ad
2109 3618 2282 3687 utilitates
2310 3593 2370 3766 sip

1359 3725 1416 3781 tae
1439 3719 1738 3803 accommodatis,
1764 3732 1804 3788 ut
1826 3719 2048 3812 singularum
2071 3721 2265 3812 figurarum
2293 3722 2370 3882 scrq

1358 3815 1472 3902 ratio,
1518 3843 1715 3912 equorum,
1751 3823 1860 3892 boum
1896 3837 1931 3891 et
1963 3821 2128 3894 aliarum.
2195 3822 2242 3890 Et
2273 3824 2352 3911 bgu

1358 3943 1419 3988 rae
1448 3923 1744 4014 septentrionales
1774 3937 1936 3995 terrenae
1969 3927 2106 3997 subitos
2134 3939 2252 3996 terrae
2283 3953 2351 3994 ruo

1358 4035 1442 4106 tus,
1495 4024 1715 4097 meridianae
1754 4053 1904 4120 magnos
1941 4041 1975 4099 et
2011 4029 2253 4122 inexpectatos
2295 4031 2351 4097 inr

1357 4128 1450 4197 bres.
1502 4127 1591 4198 Cum
1616 4131 1714 4201 locus
1736 4131 1870 4224 ligurae
1893 4134 2110 4224 pennigerae
2134 4133 2357 4203 dominatur

1357 4241 1398 4300 ut
1414 4229 1544 4322 Virgo,
1571 4233 1802 4326 Sagittarius,
1827 4235 1987 4321 Gallina,
2014 4233 2146 4306 da'rnna
2168 4237 2353 4303 volni-run

1357 4331 1621 4423 significantur,
1658 4363 1781 4406 earum
1806 4340 2017 4432 praecipue,
2051 4368 2203 4438 quarum
2231 4342 2268 4408 in
2295 4339 2349 4410 lru

1357 4460 1466 4505 mano
1483 4441 1577 4509 victu
1594 4467 1677 4512 usus
1701 4455 1763 4513 est.
1822 4442 1860 4511 Si
1885 4469 1971 4514 vero
1993 4445 2194 4515 natantium
2219 4449 2363 4536 figur-au

1358 4540 1613 4628 dominantur,
1638 4558 1785 4616 eventus
1808 4561 1914 4619 crunt
1938 4549 1974 4618 in
1999 4550 2172 4644 aquaticis
2195 4564 2230 4618 et
2255 4550 2356 4638 pisci

1356 4644 1443 4728 bus,
1466 4669 1531 4714 seu
1547 4649 1728 4732 nuuinae,
1756 4664 1795 4720 ut
1812 4651 1961 4735 Cancer,
1989 4651 2245 4743 Capricornus,
2279 4653 2355 4720 llel

1303 4811 1307 4820 ,
1359 4739 1506 4837 phinus;
1540 4762 1625 4820 tnnc
1641 4753 1736 4820 enim
1754 4753 1903 4824 marinis
1922 4756 2142 4848 significatur
2158 4769 2192 4825 et
2206 4757 2357 4842 naviga

1356 4849 1535 4930 tionibus:
1579 4877 1642 4924 seu
1667 4855 1876 4940 fluviatiles,
1918 4873 1959 4928 ut
1982 4861 2184 4954 Aquarius,
2219 4861 2358 4929 Pisces

1357 4965 1442 5022 tnnc
1475 4955 1570 5024 enim
1605 4957 1836 5029 nudantibus
1870 4975 1906 5030 et
1931 4963 2090 5032 fontanis
2122 4964 2367 5055 significatur·

1355 5057 1453 5146 Argo
1471 5060 1631 5153 utrisque
1645 5061 1831 5151 significat.
1882 5065 1928 5135 lit
1944 5067 1981 5135 in
1998 5065 2144 5158 tropicis
2169 5081 2203 5135 et
2234 5071 2361 5160 acqui

1355 5161 1569 5233 noctialibns
1585 5165 1695 5234 stellis
1706 5167 1944 5238 communiter
1959 5183 2064 5239 nocet
2078 5171 2215 5262 eclipsis
2234 5183 2272 5237 et
2290 5197 2309 5236 a
2317 5197 2339 5236 e
2347 5199 2368 5238 r

1391 5406 1437 5464 u)
1455 5405 1496 5454 tte
1525 5406 1577 5458 toe
1600 5403 1751 5456 Ptoteneet
1779 5415 1880 5470 opere,
1916 5403 2034 5472 Μεγάλη
2059 5401 2186 5467 σύνταξις
2215 5409 2361 5473 inscript

1424 5477 1497 5528 cont.
1517 5475 1719 5536 prolegomene
1735 5487 1760 5536 p.
1777 5475 1866 5524 1-4.

1523 5743 1545 5780 N
