4692 6092
300 231 377 308 sss
881 225 1004 302 nnn.
1029 227 1142 302 nnn.
1176 211 1380 302 sutura
1405 225 1744 303 rnnoeootea.
2240 225 2299 300 ue

292 393 295 398 ¹
349 405 522 477 Luctibus
546 407 689 487 domus,
1259 387 1264 395 ’
1396 402 1578 496 Propera,
1595 403 1804 500 priusquam
1825 397 1962 502 aliquid
1976 397 2300 502 mattiacinssttiis,

350 507 445 604 Quia
468 531 545 580 non
570 521 671 602 grata
694 500 778 578 sunt
802 529 863 590 ea,
885 529 978 600 quae
1003 506 1104 576 liunt.
1760 507 1824 601 qui
1847 507 1944 579 intus
1965 521 2060 580 sunt.

352 617 458 686 tvm.
482 611 568 684 Non
590 622 674 682 sunt
697 611 818 688 aedes;
842 623 1064 678 evanuerunt
1087 603 1175 676 haec
1198 609 1283 678 iam.
1396 605 1491 678 Nam
1514 607 1629 680 luctus
1653 611 1756 678 valde
1780 623 1941 702 augetur.

304 713 378 788 140
401 712 507 787 lason
532 727 629 784 tenet
651 715 798 784 domum
823 709 1040 803 principum,
1148 747 1153 756 ·
1397 717 1503 782 It'ntr.
1543 711 1689 782 Faciam
1728 709 1827 784 haee.
1889 713 1960 782 Sed
1991 727 2134 814 metuo,
2170 725 2206 783 ut
2242 739 2303 806 per-

355 817 485 888 Medea
509 817 677 887 tabefacit
696 815 805 882 vitam
832 814 871 882 in
894 809 1073 896 thalamis,
1767 816 1936 886 suadeam

356 920 536 1005 Domina,
557 917 690 990 nullius
716 915 914 987 amicorum
938 917 1130 1010 quicquam
1352 911 1424 986 185
1444 915 1640 986 Dominam
1665 941 1802 999 meam;

309 1077 314 1088 .
358 1023 487 1096 Verbis
508 1034 666 1092 recreata
690 1019 825 1090 animo.
1400 1019 1597 1110 Suscipiam
1621 1019 1742 1089 tamen'
1766 1021 1900 1096 laboris
1924 1021 1962 1090 in
1983 1035 2136 1093 vestram
2159 1021 2296 1112 gratian.

359 1131 455 1201 Mes.
479 1125 577 1210 Heu,
598 1120 689 1208 heu,
712 1122 852 1193 utinam
876 1121 1022 1190 flamma
1049 1125 1208 1195 coelestis
1233 1149 1297 1218 per
1401 1123 1512 1216 Atqui
1536 1123 1702 1208 leaenae,
1728 1147 1820 1218 quae
1841 1125 2000 1216 peperit,
2028 1128 2227 1217 adspectum

723 1249 844 1295 meum
868 1237 974 1318 capnt
1402 1225 1556 1295 Trucem
1582 1227 1738 1296 ostendit
1759 1228 1923 1310 famulis,
1947 1231 2093 1322 quando
2115 1229 2236 1322 aliquis

311 1327 386 1404 145
407 1329 494 1401 Eat!
518 1328 616 1424 Quid
639 1323 731 1410 mihi
754 1329 842 1398 boni
867 1328 1095 1420 estamplius
1120 1331 1263 1401 vivere?
1400 1328 1547 1398 Accedit
1569 1353 1683 1422 prope
1707 1330 1958 1402 collocuturus.

358 1433 439 1504 Heu
460 1430 552 1514 heu,
575 1432 753 1500 divertam
779 1433 824 1500 ad
847 1443 1014 1514 mortem,
1353 1429 1426 1500 190
1451 1432 1615 1514 „Stultos
1638 1431 1758 1502 dicens
1783 1445 1819 1502 et
1839 1421 2055 1524 insipientes'

360 1535 498 1606 Relicta
522 1535 646 1604 odiosa
671 1532 757 1603 vita.
1403 1531 1619 1618 „Hornines,
1634 1535 1789 1628 quiante
1804 1559 1870 1606 nos
1886 1539 2043 1621 luerunt,
2061 1559 2138 1608 non
2152 1531 2305 1612 erraveris,

363 1641 461 1714 otor.
484 1635 686 1721 Audivisti,
708 1659 730 1704 o
753 1631 889 1726 Iupiter
913 1649 948 1706 et
970 1649 1064 1705 terra
1088 1647 1122 1705 et
1147 1638 1281 1720 lumen,
1404 1637 1508 1729 „Qui
1532 1633 1686 1730 hymnos
1710 1638 1748 1706 in
1770 1637 2020 1710 festivitatibus

359 1742 513 1836 Qualem
536 1763 663 1810 vocem
686 1738 824 1810 miserit
845 1739 966 1808 infelix
988 1739 1127 1833 nupta?
1404 1739 1482 1824 „Et
1504 1741 1678 1812 conviviis
1700 1755 1735 1811 et
1757 1743 1877 1814 coenis

311 1841 386 1916 160
409 1843 511 1938 Quae
535 1855 570 1914 te
595 1841 806 1912 insatiabilis
1403 1841 1653 1925 „Invenerunt
1675 1845 1713 1912 in
1738 1845 1831 1928 vita,
1852 1845 2047 1937 voluptatis
2070 1867 2187 1916 causa.
2218 1887 2220 1894 ›
2332 1868 2333 1924 ι

361 1947 453 2018 Tori
472 1945 669 2038 cupiditas,
693 1969 714 2014 o
736 1945 856 2028 stulta,
1355 1941 1427 2016 195
1455 1947 1554 2032 „Sed
1578 1971 1686 2018 nemo
1708 1943 1896 2022 hominum
1921 1945 2112 2018 horribiles
2135 1965 2292 2016 moerores

362 2050 477 2143 Urget
498 2053 541 2120 ad
566 2047 744 2120 mortem?
1403 2047 1590 2136 ,‚lnvenit‚
1621 2053 1804 2148 quomodo
1820 2051 1953 2124 musica
1974 2064 2010 2120 et
2025 2051 2130 2120 vario
2146 2067 2307 2118 nervorum

362 2153 417 2226 Ne
439 2149 508 2224 hoc
531 2165 643 2246 petas.
1405 2155 1555 2238 „Cantu
1582 2159 1707 2226 sedare
1729 2155 1906 2247 possimus
1926 2163 1975 2226 cxl
1990 2155 2123 2248 quibus
2148 2153 2259 2222 caedes

360 2257 470 2352 Quod
491 2257 522 2330 si
544 2269 627 2328 tuus
647 2253 796 2326 maritus
1405 2259 1484 2342 „Et
1501 2283 1627 2352 graves
1646 2283 1745 2330 casus
1767 2271 1933 2328 evertunt
1954 2260 2098 2328 domus.

313 2355 388 2434 156
413 2359 509 2434 Colit
531 2383 666 2431 novum
689 2359 832 2440 lectum,
948 2371 952 2380 '
1406 2361 1482 2446 „Et
1498 2363 1540 2431 in
1565 2363 1695 2434 talibus
1718 2363 1859 2454 egregia
1881 2385 1938 2432 res
1961 2373 2052 2432 esset
2078 2357 2213 2430 mederi

359 2461 408 2535 Ei
430 2477 471 2536 tu
487 2459 557 2536 hoc
576 2487 652 2534 non
674 2461 840 2554 imputes,
1354 2462 1431 2538 200
1456 2465 1703 2552 „Hominibus
1727 2478 1852 2543 cantn;
1877 2464 1940 2534 ubi
1961 2477 2045 2534 sunt
2063 2463 2159 2534 laeta
2181 2477 2256 2528 vero

360 2565 495 2663 Iupiter
515 2563 605 2639 haec
631 2565 819 2638 ulciscetur
842 2585 908 2654 pro
936 2573 982 2633 te.
1404 2569 1632 2656 ,‚Convivia,
1656 2569 1742 2662 quid
1766 2569 1896 2638 frustra
1921 2568 2119 2636 intendunt
2142 2583 2265 2636 vocem,

361 2671 415 2746 Ne
437 2672 545 2745 nimis
571 2667 763 2741 tabl-‘saclas
787 2679 821 2736 le
843 2663 970 2758 ipsam,
1405 2674 1526 2759 „Cum
1551 2697 1608 2744 res
1634 2671 1709 2764 ipsa
1732 2670 2004 2740 delectationem
2028 2693 2072 2738 ex
2095 2691 2133 2739 se
2156 2665 2241 2736 ierat
2335 2687 2336 2698 ¹

361 2775 515 2846 Plorans
541 2788 643 2845 tuum
668 2771 851 2842 maritum·
1402 2831 1424 2862 ,‚
1434 2776 1667 2857 Hominibus,
1681 2771 1849 2846 saturitas
1863 2773 2035 2843 nimirum
2053 2766 2210 2840 convivii
2218 2757 2277 2854 ¹⁷)?

314 2877 389 2952 160
413 2881 509 2953 Mea.
532 2877 712 2969 Omagua
731 2870 893 2956 Themis,
907 2882 942 2939 el
956 2864 1151 2938 reverenda
1167 2867 1300 2953 Diana,
1405 2884 1504 2955 Olor.
1532 2879 1664 2950 Audivi
1684 2879 1878 2946 clamorem
1901 2899 1982 2948 cum
2003 2874 2129 2946 multis
2155 2863 2310 2963 gemilibtss

361 2981 519 3068 Videtis,
547 3003 639 3078 qnae
663 2975 919 3078 patiorixquae
939 2995 1072 3066 magno
1095 2972 1298 3044 iuramento
1762 2979 2101 3050 lasnentationumzt

360 3085 529 3180 Obligati
554 3083 790 3156 execrandum
1352 3085 1428 3164 205
1449 3085 1580 3158 Misera
1592 3084 1639 3179 ¹⁸)
1662 3084 1793 3154 clamat
1813 3083 1931 3154 tristes
1953 3083 2110 3164 dolores,

359 3187 560 3262 Maritum?
583 3211 690 3284 quem
716 3209 802 3278 ego,
825 3195 859 3252 el
880 3203 1048 3274 sponsam
1072 3178 1214 3249 Videam
1401 3191 1564 3262 Iasonem
1597 3189 1732 3257 malum
1763 3209 1955 3278 sponsum,
2000 3183 2222 3276 proditorem
2250 3192 2308 3242 con·
2337 3227 2338 3244 ι

360 3291 401 3364 ln
421 3293 568 3364 aedibus
588 3292 795 3381 discerptos,
1760 3288 1880 3368 uubii;
2336 3333 2338 3380 p

312 3393 386 3470 165
409 3395 483 3490 Qui
504 3419 562 3466 me
586 3393 685 3486 prius
709 3393 842 3461 audent
862 3387 993 3457 iniuria
1018 3385 1169 3455 afficere.
1384 3397 1548 3480 ⁶Invocat
1572 3393 1666 3464 Deos
1690 3391 1830 3464 iniuriis
1853 3389 1991 3470 affecta,
2337 3387 2338 3458 l

360 3498 395 3573 0
419 3511 540 3591 Pater,
564 3521 587 3566 ⁰
612 3495 756 3578 civitas,
782 3515 890 3588 quam
913 3489 1043 3582 1θῖῙοοῑ
1209 3558 1216 3580 ,
1402 3501 1448 3573 Et
1475 3497 1710 3578 Themidem,
1740 3495 1851 3564 liliam
1882 3491 1996 3573 lovis,
2024 3513 2119 3584 quae
2145 3499 2196 3560 est
2222 3487 2308 3552 custos

361 3601 554 3696 Turpiter,
581 3599 695 3670 occiso
705 3597 775 3692 ¹⁶⁸)
800 3619 880 3665 meo
908 3595 1029 3662 fratre.
1763 3595 2009 3676 iurisiurandi,

360 3713 465 3780 Nilil'·
487 3702 648 3788 Auditis,
673 3723 764 3796 qllile
787 3695 900 3782 (litat,
924 3707 958 3765 el
980 3707 1020 3766 Ul
1041 3692 1185 3762 invocet
1401 3707 1510 3801 Quod
1531 3703 1688 3774 traduxit
1708 3725 1788 3774 eam
1810 3702 1819 3716 ’
2336 3745 2338 3786 p

361 3805 577 3880 Themidem
599 3806 779 3876 laventem
806 3799 936 3894 optatis
962 3797 1073 3879 votis,
1104 3807 1139 3863 et
1162 3791 1297 3876 lovem,
1349 3811 1426 3884 210
1447 3809 1489 3878 1n
1512 3807 1700 3879 Graeciam
1726 3805 1830 3876 ,imm
1853 3829 1871 3874 ε
1894 3800 2040 3892 regione
2063 3788 2249 3869 colchidis,
2337 3797 2338 3840 3

725 3906 789 4002 qui
810 3905 1093 3976 iuramesslm'um
1399 3915 1471 3983 Per
1493 3935 1593 3981 mare
1616 3915 1833 3980 nocturnum

311 4019 385 4092 170
408 4015 536 4090 Custos
557 4009 765 4084 hominibus
788 4006 1020 4078 existimatur.
1399 4018 1515 4109 supra
1538 4014 1628 4085 ,alsa
1653 4012 1763 4082 maris

325 4121 329 4130 ’
359 4119 443 4194 Νοιι
467 4117 545 4191 lieri
567 4127 704 4211 potest,
726 4125 766 4183 ut
789 4111 826 4180 in
850 4109 969 4204 alique
995 4129 1104 4200 parva
1129 4129 1167 4172 re
1399 4117 1569 4189 Immensi
1592 4115 1728 4188 sedilia,

358 4223 518 4294 Domina
542 4221 634 4291 iram
656 4219 765 4290 sedet.
1541 4217 1733 4318 [Medoen
1768 4221 1925 4296 oreos,
1958 4200 2156 4301 chorus]
2207 4227 2211 4234 ·

362 4329 459 4400 dior.
486 4323 682 4420 Quomodo
706 4320 991 4408 inconspectum
1014 4322 1178 4410 nostrum
1397 4325 1493 4394 Med.
1517 4323 1686 4392 Mulieres
1710 4313 1939 4397 Corinthiae,
1964 4311 2057 4384 exivi
2084 4335 2103 4381 e
2127 4309 2242 4377 domo·

244 4429 248 4440 '
358 4425 512 4511 Veniat,
537 4439 572 4498 et
595 4424 772 4496 dictorum
797 4421 989 4492 verborum
1346 4421 1422 4498 215
1454 4425 1508 4497 Ne
1532 4421 1803 4517 reprehendaris
1821 4418 1950 4512 ΜΝ»
1976 4414 2094 4502 „novi
2119 4389 2307 4480 munstre

311 4527 385 4604 175
408 4529 542 4601 Vocem
569 4527 731 4622 accipiat,
1753 4526 1880 4606 mines,

358 4633 396 4706 Si
417 4635 509 4706 forte
531 4633 694 4704 acerbam
719 4631 809 4698 nam
1397 4631 1497 4724 „Qui
1521 4630 1607 4700 clari
1626 4632 1790 4713 luerunt,
1823 4628 1912 4696 alios
1937 4619 2063 4715 procul
2088 4641 2108 4687 a
2130 4611 2306 4706 conspectur

356 4737 404 4810 Et
427 4737 599 4832 impetum
627 4733 739 4806 animi
761 4727 931 4799 remittat.
1468 4737 1473 4748 ’

355 4831 459 4916 Nutr.
486 4841 605 4910 Meum
629 4837 785 4911 studium
813 4853 887 4898 uon

355 4943 481 5016 Deerit
504 4943 636 5014 amicis.
1379 4971 1442 5040 res)
1461 4963 1817 5036 ueratrnouusgr.‚nx.;
1836 4955 2123 5021 carelessness,
2137 4931 2304 5004 amedu

305 5050 378 5126 180
402 5049 498 5124 otor.
527 5047 596 5118 Sed
619 5045 728 5122 vade,
756 5049 790 5107 et
810 5057 889 5104 eam
908 5027 977 5100 huc
1002 5025 1167 5096 adducito
1193 5033 1288 5093 extra
1379 5042 1425 5108 aa)
1450 5044 1485 5095 n.
1502 5043 1522 5096 t.
1546 5043 1574 5091 n
1600 5040 1685 5092 earu.
1703 5038 1793 5101 rese,
1819 5034 1895 5085 sees.
1919 5034 1986 5083 nou
2009 5039 2111 5091 aare:
2141 5001 2304 5122 ιιιρςιιιιιέοῑξ

1412 5123 1524 5178 corun,
1548 5109 1593 5174 qut
1617 5107 1741 5159 teettttsa
1762 5103 1905 5168 emendes
1928 5099 2070 5166 rsttoues,
2098 5103 2154 5144 eeu
2176 5087 2251 5138 enen

714 5145 876 5219 ‘imnum’
1411 5181 1501 5232 torum
1520 5177 1722 5231 armentorum
1738 5173 1913 5225 tnveusrnrt.

351 5257 385 5324 0
410 5249 537 5336 chart,
563 5265 598 5320 et
620 5245 707 5316 hm
731 5243 852 5313 dicim·
1378 5279 1425 5349 re)
1443 5281 1564 5342 utssrs]
1583 5279 1625 5331 ue
1639 5277 1723 5328 ιιιιιι.
1739 5275 1834 5339 rose,
1854 5271 1946 5336 rees.;
1968 5267 2184 5334 esturm-
2196 5252 2301 5306 ΗΜ·

305 5407 507 5424 ···“···““““’
1377 5383 1424 5451 se)
1444 5385 1478 5436 n.
1492 5384 1510 5432 ι.
1529 5381 1557 5432 u
1575 5381 1659 5432 ratu.
1674 5377 1765 5442 esee,
1786 5377 1862 5432 sees.
1880 5377 1947 5430 note
1957 5383 2059 5438 wer
2077 5361 2205 5424 nusum
2217 5359 2301 5408 erun,

332 5485 396 5554 tte)
415 5483 521 5545 occiso]
534 5480 574 5533 ste
587 5477 766 5544 unctuosa,
778 5476 872 5538 Bere,
886 5472 1009 5532 Messes
1025 5463 1074 5514 tte.
1092 5461 1169 5514 teet.
1186 5459 1287 5514 odom.
1411 5453 1456 5517 qut
1475 5453 1554 5504 extre
1572 5449 1688 5512 penum
1706 5451 1801 5512 egunt.
