4844 6122
233 193 361 330 tot
865 204 1745 327 musmsumssmomuu
1914 197 2334 332 mmm,

384 415 564 495 Saturnus
578 414 654 494 Soli
668 417 792 518 aliquo
807 421 978 521 adspectu
993 421 1198 518 copulatus,
1231 421 1286 493 vi·
1336 417 1534 491 iudiciariis
1547 417 1722 516 implicat.
1771 415 1870 492 ldem
1886 447 1967 496 cnm
1987 424 2163 498 assidente
2177 423 2246 498 sibi
2263 422 2336 498 Ve-

282 547 347 597 ros
361 525 566 609 modestos,
586 523 802 597 'commodos
816 538 853 596 et
866 527 1009 600 sedulos
1025 525 1194 618 largitum
1227 519 1286 598 lu·
1335 543 1443 608 nere,
1469 523 1636 594 adulterii
1653 535 1716 595 aut
1732 525 1894 598 veneficii
1908 527 2137 618 criminibus,
2169 531 2230 602 vel
2253 529 2334 604 aliis

284 627 379 724 piter
392 621 564 700 honestos
580 639 617 698 et
636 627 778 722 magnis
797 627 928 701 animis
947 631 1150 724 praeditos3
1185 627 1286 701 Mars
1335 619 1544 696 huiusmodi
1560 637 1676 699 notat.
1786 641 1790 649 '
2209 709 2215 720 .

284 743 471 818 suenuos,
494 730 631 802 alienos
645 755 672 802 a.
682 731 934 808 communibus
946 728 1137 806 hominurn
1151 730 1286 802 affecti·
1437 725 1612 824 Reliquas
1626 725 1877 822 coniugiorum
1892 729 2112 806 differentias
2127 757 2171 808 ex
2180 729 2335 820 Venere,
2351 773 2356 776 ·

283 833 372 925 bus,
397 831 627 928 impatientes
651 835 789 908 ordinis
811 847 848 906 et
867 835 1007 928 legum;
1040 833 1183 920 Venus,
1216 834 1286 905 ele-
1336 823 1455 900 Marte
1481 841 1518 901 et
1536 831 1694 904 Saturno
1723 832 1883 904 iudicare
1905 847 2060 930 oportet.
2125 835 2336 930 Congruen-

285 924 411 1030 g'antes
440 949 477 1008 et
505 937 702 1021 formosum
747 935 949 1010 Mercurius
981 935 1093 1010 victui
1120 938 1286 1032 parando
1336 943 1390 1003 tes
1412 931 1509 1004 enim
1531 929 1572 1003 bi
1594 959 1674 1006 cum
1696 935 1915 1023 luminibus,
1941 936 2154 1012 domesticas
2170 953 2206 1010 et
2218 939 2336 1033 legiti-

285 1039 455 1120 idoneos;
480 1037 699 1112 Venuseum
717 1029 895 1126 Saturno,
921 1040 1070 1134 ignavos
1085 1039 1181 1110 etad
1200 1064 1287 1112 con·
1336 1057 1415 1105 mas
1431 1035 1701 1110 coniunctiones
1718 1039 1933 1124 decernunt;
1967 1040 2106 1136 eritque
2127 1041 2336 1114 coniunctio

286 1141 513 1216 suetudinem
529 1141 754 1235 coniugalem
769 1143 1037 1228 imbecilliores;
1069 1169 1151 1214 cum
1166 1141 1286 1214 Marte
1337 1137 1437 1222 talis,
1459 1139 1576 1234 qualis
1590 1139 1741 1214 Veneris
1758 1167 1842 1236 erga
1859 1145 2073 1215 alterutrum
2087 1138 2264 1214 habitudo
2282 1155 2338 1215 at-

285 1239 465 1332 lervidos,
501 1245 542 1316 in
563 1243 741 1320 Venerem
769 1269 926 1340 pronos,
964 1245 1164 1328 adulteros;
1197 1271 1284 1318 cum
1337 1263 1407 1334 que
1424 1239 1579 1315 affectio.
1630 1241 1743 1340 Marti
1765 1245 1952 1338 copulata,
1977 1244 2204 1316 iuvenculam
2227 1269 2338 1338 spon·

286 1343 491 1432 Mercurio,
514 1347 713 1442 liberorum
729 1361 903 1422 amantes.
1337 1345 1397 1412 det
1413 1367 1576 1417 uxorem
1632 1346 1851 1418 Altitudines
1866 1346 1963 1417 enim
1981 1346 2168 1442 utriusque
2190 1371 2338 1440 permu-

294 1447 300 1542 s
391 1449 620 1546 Quadrantes
657 1465 778 1526 autem
817 1450 1009 1522 orientales
1052 1447 1285 1542 intelligimus
1337 1444 1440 1514 tatim
1464 1446 1503 1514 in
1525 1447 1673 1520 alterius
1693 1448 1845 1542 trigonis
1864 1449 2031 1520 existunt.
2082 1449 2239 1520 Saturno
2254 1449 2339 1520 iun-

286 1537 327 1623 in
347 1549 430 1624 Sole
450 1578 512 1626 cos
534 1555 645 1638 duos,
684 1553 748 1650 qui
775 1549 1018 1648 horoscopum
1041 1565 1077 1624 et
1101 1553 1284 1624 cardinem
1337 1559 1406 1631 cta,
1432 1559 1548 1620 aetate
1564 1549 1867 1641 grandiusculum,
1892 1553 1990 1648 quod
2004 1549 2187 1622 domicilia
2203 1550 2341 1623 utrius·

288 1655 478 1726 occiduum
501 1657 718 1728 antecedunt
726 1684 735 1740 ;
770 1656 810 1728 in
834 1653 938 1730 Luna
962 1680 1071 1741 vero,
1104 1657 1285 1754 quadran·
1337 1671 1407 1744 que
1439 1653 1673 1744 permutatim
1706 1652 1746 1724 in
1777 1653 1924 1726 alterius
1956 1653 2118 1747 trigonos
2159 1651 2341 1727 incidunt.

286 1771 340 1832 tes
355 1761 447 1831 duos
462 1759 652 1832 novilunio
669 1773 704 1830 et
718 1759 919 1854 plenilunio
932 1757 1178 1856 proximisque
1197 1782 1286 1854 qua·
1337 1752 1460 1846 Quare
1478 1777 1559 1824 cum
1579 1753 1698 1828 Marte
1713 1753 1790 1850 ipsa
1806 1757 1968 1828 absolute
1991 1779 2163 1828 venereas
2186 1769 2340 1828 naturas

286 1851 446 1934 draturis
461 1861 687 1947 interiectos,
710 1863 748 1933 id
766 1875 838 1949 est,
864 1887 998 1950 unum,
1031 1863 1070 1932 in
1092 1887 1164 1958 quo
1179 1857 1286 1932 Luna
1337 1853 1462 1941 efficit,
1488 1855 1618 1952 quibus
1632 1857 1663 1929 si
1679 1857 2052 1946 adiueritMereurins,
2076 1859 2220 1953 prodet,
2242 1883 2342 1956 quae

287 1991 309 2035 a
327 1989 520 2058 congressu
535 1990 617 2038 cum
632 1965 717 2038 Sole
733 1966 983 2062 crescitusque
998 1969 1043 2040 ad
1059 1967 1210 2058 figuram
1232 1963 1286 2034 di·
1335 1958 1488 2045 facient,
1522 1971 1558 2031 et
1577 1961 1816 2055 pervulgabit.
1868 1961 1978 2057 Quod
2003 1961 2033 2033 si
2056 1985 2099 2033 ex
2121 1962 2231 2055 signis
2251 1987 2342 2058 pro·

285 2067 494 2152 midiatam;
524 2069 701 2155 alterum,
731 2069 770 2140 in
790 2095 864 2167 qno
884 2083 968 2164 post
988 2071 1134 2165 plenum
1160 2069 1286 2140 orbem
1338 2059 1482 2134 miscuis
1499 2075 1535 2136 et
1549 2063 1699 2161 utrique
1712 2064 1872 2158 cognatis
1889 2088 1931 2136 ac
1944 2063 2183 2136 familiaribus
2197 2063 2266 2140 sibi
2281 2066 2342 2137 in·

286 2169 474 2244 marcescit
502 2195 627 2246 rursus
657 2197 771 2270 usque
800 2173 847 2244 ad
869 2171 1021 2265 effigiem
1047 2171 1287 2244 dimidiatam.
1338 2163 1452 2235 vicem
1486 2165 1747 2272 applicuerint,
1786 2177 1829 2239 ut
1851 2167 2074 2264 Capricorno
2102 2179 2139 2240 et
2161 2167 2341 2258 Piscibus,

286 2272 537 2348 Occidentales
552 2277 771 2372 quadrantes
786 2273 1019 2370 intelligimus
1039 2301 1122 2362 eos,
1148 2275 1213 2372 qui
1230 2269 1287 2346 bis
1337 2266 1541 2360 illegitimas
1557 2293 1637 2341 cum
1652 2269 1838 2343 sororibus
1853 2283 1917 2342 aut
1937 2269 2210 2365 consanguineis
2228 2297 2338 2390 copu:

288 2391 536 2476 opponuntur.

388 2477 512 2554 Firma
529 2494 672 2568 autem,
697 2494 739 2554 ut
759 2477 957 2576 plurimum
976 2483 1087 2568 liunt,
1121 2493 1157 2551 et
1179 2482 1287 2552 dura·

286 2581 373 2656 bilia
390 2583 576 2678 coniugia,
604 2587 751 2680 quando
765 2583 805 2654 in
827 2583 1001 2676 genituris
1023 2585 1211 2682 utriusque
1231 2583 1286 2654 lu-

285 2687 386 2760 mina
416 2687 541 2760 amicis
562 2712 601 2760 se
623 2701 751 2760 mutuo
776 2687 887 2759 radiis
915 2688 1120 2760 intuentur:
1160 2697 1287 2782 utpote

285 2787 492 2888 triquetris,
524 2789 582 2860 vel
605 2789 823 2883 sexangulis;
863 2803 1013 2890 tumque
1038 2791 1095 2862 vel
1118 2789 1287 2876 maxime,

287 2895 434 2996 quando
452 2917 495 2964 ex
508 2891 582 2966 suis
597 2893 685 2968 locis
702 2893 945 2968 vicissitudine
953 2895 1121 2992 'quadam
1142 2919 1287 2990 permu-

285 2995 370 3068 tatis
393 3021 431 3069 se
455 3009 581 3068 mutuo
605 2997 825 3092 receperint;
876 2999 991 3070 multo
1023 2998 1131 3070 etiam
1160 2996 1288 3091 magis,

287 3101 435 3198 quando
451 3099 521 3170 viri
534 3097 679 3188 Lunae,
704 3099 868 3174 mulieris
880 3102 958 3173 soli
983 3095 1054 3174 hoc
1074 3103 1185 3174 modo
1202 3127 1287 3172 con-

287 3204 435 3298 gruerit.
487 3201 744 3279 Dissolvuntur
758 3217 878 3278 autem
900 3205 973 3277 levi
998 3207 1186 3279 occasione
1210 3229 1287 3276 ma·

286 3305 481 3394 trimonia,
522 3319 558 3377 et
579 3305 727 3378 alienati
749 3331 770 3379 a
795 3335 833 3382 se
849 3317 978 3382 mutuo
1006 3335 1155 3404 prorsus
1185 3309 1288 3382 dissi-

287 3412 376 3482 dent
391 3409 571 3504 coniuges,
588 3413 735 3506 quando
751 3411 890 3504 positus
904 3411 1083 3486 luminum
1098 3415 1172 3486 iam
1190 3439 1287 3486 com-

285 3513 481 3586 memorati
494 3511 659 3584 incidunt
671 3513 711 3584 in
726 3513 828 3607 signa
844 3515 1074 3589 inconiuncta
1100 3531 1136 3589 et
1157 3517 1288 3604 aliena,

286 3619 346 3690 vel
373 3616 451 3712 ipsa
482 3615 658 3712 oppositis
685 3619 916 3714 quadratisve
945 3645 983 3692 se
1005 3635 1134 3692 mutuo
1154 3621 1290 3694 feriunt

287 3719 413 3794 radiis.
464 3717 583 3792 Porro
607 3719 638 3792 si
659 3721 798 3794 lumina
818 3748 862 3794 ex
886 3723 1182 3798 convenientibus
1200 3721 1288 3796 locis

287 3825 419 3899 sociata
432 3879 443 3912 ,
467 3823 617 3896 benefici
632 3849 777 3924 quoque
793 3825 915 3924 aliquo
929 3827 1088 3902 foverint
1107 3829 1289 3924 adspectu,

287 3941 402 4002 totam
425 3927 520 4000 vitae
542 3927 581 3998 in
611 3927 779 4022 coniugio
806 3931 1102 4006 consuetudinem
1129 3955 1289 4018 suavem,

288 4033 433 4129 plenam
460 4045 608 4104 mutuae
637 4043 673 4104 et
699 4045 895 4128 perpetuae
919 4035 1213 4121 benevolentiae,
1254 4047 1290 4106 et

288 4133 451 4230 utrisque
475 4135 743 4208 commodatam
768 4137 922 4210 efficient
950 4153 986 4212 et
1008 4140 1290 4221 conservabunt;

289 4235 443 4308 malefici
457 4249 581 4308 contra
596 4251 632 4310 et
648 4238 844 4315 discordias
861 4256 999 4329 serent,
1025 4242 1290 4314 contentiones·

290 4365 362 4438 qne
380 4353 416 4410 et
437 4340 717 4424 inverecundam
741 4346 837 4416 vitae
859 4346 1153 4420 consuetudinem
1181 4359 1289 4444 atque

289 4442 452 4539 utrisque
473 4443 618 4518 noxiam
641 4459 677 4518 et
698 4447 911 4522 damnosam
936 4449 1098 4523 reddent.
1151 4449 1288 4522 Eadem

289 4547 432 4622 ratione
457 4547 488 4620 si
509 4547 706 4622 luminibus
730 4551 914 4625 collocatis
936 4553 1090 4626 iu‘statu
1119 4553 1290 4625 inconve-

289 4649 419 4736 nienti,
444 4650 595 4722 benefici
610 4655 855 4727 consenserint
870 4655 993 4752 aliquo
1008 4655 1193 4752 suffragio,
1213 4681 1290 4728 non

288 4779 440 4849 prorsus
468 4753 564 4826 vitae
590 4757 885 4830 consuetudinem
914 4759 1108 4846 dirimunt,
1148 4761 1211 4832 sed
1235 4786 1290 4833 sa·

289 4869 383 4930 nant
409 4857 586 4944 offensas,
626 4855 871 4958 alienatusque
895 4863 1151 4948 reconciliant,
1187 4865 1289 4936 etad

288 4960 482 5058 pristinam
514 4963 808 5036 consuetudinem
838 4967 1035 5052 reducunt,
1072 4980 1289 5064 tuenturque

291 5075 459 5135 mutuum
474 5063 569 5136 inter
584 5089 645 5138 eos
661 5091 821 5140 amorem
836 5081 871 5142 ct
883 5071 1185 5144 benevolentiam.
1211 5071 1290 5142 Ma-

290 5164 385 5238 lefici
399 5189 485 5238 vero
502 5168 677 5241 divellunt
697 5173 924 5266 coniugium,
958 5187 993 5244 et
1012 5175 1086 5245 fere
1109 5201 1190 5248 cum
1212 5174 1289 5244 vio.

290 5267 404 5340 lentio
421 5269 563 5366 aliqua,
591 5285 653 5344 aut
672 5274 833 5350 infamia.
890 5276 1092 5350 Mercurius
1106 5279 1203 5350 solus
1220 5279 1289 5350 illis

294 5371 504 5460 adiunctus,
538 5375 722 5448 notoriam
745 5393 853 5475 atque
874 5379 913 5450 in
936 5405 999 5452 ore
1024 5383 1121 5476 vulgi
1146 5407 1290 5454 versan-

292 5488 367 5548 tem
392 5475 614 5570 ignominiae
637 5479 756 5554 labem
782 5485 985 5578 adspergit,
1023 5498 1058 5556 et
1088 5485 1290 5558 actionibus

1337 2371 1490 2443 lotiones
1504 2372 1704 2466 designant.
1753 2371 1796 2445 ln
1811 2374 1974 2445 virorum
1990 2398 2077 2444 vero
2093 2374 2275 2468 genituris,
2299 2397 2335 2446 st

1337 2471 1442 2545 Luna
1458 2475 1567 2546 etiam
1586 2477 1782 2563 adstiterit,
1810 2503 1891 2548 cum
1906 2477 2047 2550 duabus
2067 2477 2252 2552 sororibus
2272 2488 2339 2550 ant

1339 2577 1632 2671 consanguineis;
1656 2579 1696 2651 in
1712 2579 1928 2667 mulierum,
1952 2579 1983 2654 si
1997 2578 2134 2676 Iupiter
2154 2579 2341 2667 assederit,

1339 2704 1420 2753 cum
1436 2681 1608 2756 fratribus
1623 2683 1763 2756 duobus
1777 2683 1900 2756 aliisve
1915 2685 2088 2780 sanguine
2102 2685 2233 2760 iunctis
2248 2683 2341 2758 tales

1339 2783 1676 2860 commiscebuntur.
1843 2855 1851 2868 ,

1442 2887 1599 2962 Saturno
1625 2891 1746 2963 iuncta
1776 2885 1899 2964 Venus
1935 2915 2083 2964 suavem
2120 2891 2272 2963 omnino
2303 2905 2344 2968 et

1339 2991 1502 3064 stabilem
1533 2991 1828 3068 consuetudinem
1857 2994 1952 3066 vitae
1981 2995 2020 3064 in
2043 2995 2211 3090 coniugio
2233 3020 2344 3091 prae·

1339 3107 1422 3169 stat.
1488 3095 1690 3171 Mercurius
1714 3095 1745 3172 si
1764 3096 1972 3183 accesserit,
2012 3097 2120 3172 etiam
2146 3101 2344 3172 commoda

1339 3199 1490 3274 confert.
1539 3203 1590 3274 At
1605 3201 1636 3276 si
1653 3201 1752 3274 Mars
1774 3225 1812 3273 se
1833 3199 2036 3290 miscuerit,
2067 3203 2246 3278 instabilis
2269 3205 2345 3276 e'rit

1340 3303 1435 3376 vitae
1460 3307 1704 3391 consuetudo,
1730 3305 1944 3402 damnisque
1968 3317 2005 3376 et
2026 3307 2253 3380 nocumentis
2275 3309 2344 3379 ob-

1339 3407 1468 3494 noxia,
1493 3419 1530 3480 et
1543 3409 1731 3482 certabunt
1747 3409 1817 3504 ipsi
1830 3411 1926 3480 inter
1942 3433 1979 3482 se
1997 3412 2169 3504 coniuges
2181 3413 2345 3484 aemula-

1340 3511 1439 3583 tione
1458 3522 1566 3608 atque
1587 3511 1798 3587 invidentia.
1856 3511 1965 3608 Quod
1986 3514 2017 3585 si
2038 3518 2209 3608 adspectu
2230 3513 2347 3603 felici,

1340 3615 1398 3685 vel
1422 3639 1466 3685 ex
1487 3617 1783 3690 convenientibus
1803 3617 1914 3710 signis
1937 3615 2070 3690 locisve
2086 3617 2186 3690 Mars
2207 3642 2246 3690 se
2269 3617 2346 3694 illis

1340 3715 1588 3806 insinuaverit,
1612 3723 1778 3816 aequales
1794 3719 2004 3814 despondet.
2031 3722 2070 3794 si
2083 3735 2205 3794 tamen
2220 3720 2347 3793 orien-

1340 3820 1449 3892 talior
1461 3821 1570 3894 suerit
1581 3835 1757 3920 utroque,
1778 3837 1868 3896 natu
1881 3822 2060 3910 minores;
2091 3825 2123 3897 si
2139 3823 2347 3898 occidenta-

1339 3923 1431 4010 lior,
1462 3937 1553 3997 natu
1576 3929 1788 4019 grandiores
1809 3929 2045 4000 demonstrat.
2107 3927 2147 4001 Si
2169 3951 2257 4000 vero
2283 3953 2346 4002 co-

1342 4041 1449 4122 gnata
1471 4041 1624 4102 naturae
1644 4055 1729 4103 suae
1754 4029 1854 4123 signa
1882 4031 1990 4104 simul
2019 4029 2078 4102 vel
2105 4032 2345 4128 permutatim

1343 4129 1549 4204 obsederint
1571 4132 1692 4206 Venus
1715 4147 1750 4207 et
1772 4133 1969 4220 Saturnus,
2010 4147 2052 4206 ut
2076 4133 2345 4232 Capricornum

1343 4247 1407 4308 aut
1434 4233 1604 4324 Libram,
1648 4237 1923 4310 commixtiones
1953 4263 2034 4308 cum
2065 4237 2345 4331 consanguineis

1342 4341 1575 4433 portendunt.
1629 4341 1737 4438 Quod
1752 4341 1782 4416 si
1798 4338 1869 4414 hoc
1893 4340 2014 4436 positu
2036 4341 2075 4410 in
2095 4337 2346 4436 horoscopum

1342 4441 1554 4530 inciderint,
1581 4459 1644 4517 aut
1665 4445 1755 4517 coeli
1777 4447 1938 4532 culmen,
1967 4457 2004 4516 et
2016 4441 2122 4518 Luna
2140 4447 2344 4534 accesserit,

1341 4569 1555 4618 marescum
1570 4548 1766 4636 matribus,
1790 4551 1849 4622 vel
1871 4549 2093 4636 materteris,
2126 4562 2190 4621 aut
2209 4573 2344 4622 nover-

1342 4649 1392 4722 cis
1407 4675 1485 4721 rem
1501 4646 1708 4736 babituros;
1732 4653 1892 4725 femellas
1913 4651 2026 4736 filios,
2058 4665 2122 4726 aut
2140 4653 2345 4746 privignos,

1342 4767 1405 4826 aut
1419 4755 1574 4826 tiliarum
1591 4755 1742 4829 maritos
1759 4755 1978 4829 admissuros
1995 4755 2195 4852 designant.
2228 4755 2344 4852 Quod

1342 4857 1373 4930 si
1390 4859 1452 4931 sol
1468 4862 1708 4948 concurrerit,
1732 4859 1937 4957 fuerintque
1953 4861 2119 4956 planetae
2136 4859 2346 4932 occidenta-

1340 4963 1413 5049 les,
1446 4989 1565 5038 mares
1587 4965 1697 5050 filias,
1737 4961 1795 5034 vel
1814 4961 2017 5057 privignas,
2056 4964 2115 5033 vel
2134 4987 2269 5050 nurus,
2302 4963 2346 5034 id

1342 5081 1414 5154 est,
1439 5068 1595 5140 tiliorum
1611 5091 1741 5140 uxores
1753 5067 1886 5138 incesta
1902 5065 2159 5139 consuetudine
2179 5067 2345 5160 pollutu-

1340 5197 1421 5254 ros;
1458 5169 1608 5243 femellis
1629 5171 1780 5244 eandem
1802 5169 2097 5246 consuetudinem
2121 5195 2202 5244 cum
2224 5169 2346 5266 patri·

1340 5277 1428 5362 bus,
1452 5287 1515 5346 aut
1530 5277 1688 5368 patruis,
1715 5276 1925 5349 autvitricis
1941 5275 2139 5350 minantur.

1443 5377 1493 5451 At
1504 5380 1535 5451 si
1549 5405 1756 5475 congressus
1776 5375 1816 5452 hi
1837 5381 2229 5477 configurationesqoe,
2258 5401 2346 5448 non

1342 5497 1493 5576 cognata
1518 5497 1626 5580 atque
1653 5485 1903 5560 convenientia
1922 5489 2047 5582 signe,
2087 5489 2148 5559 sed
2179 5481 2341 5554 feminea
