4748 6108
65 183 155 308 ‘ass
490 223 1684 310 nxvu.mrmraernrromccmauuruarr1n1s.
2047 239 2122 314 sco

18 482 23 497 ,
131 405 291 503 Undique
308 427 374 498 ego
391 401 463 474 texi
479 401 709 502 botrifaris')
727 408 933 496 lrondibns,
1124 404 1177 481 50
1209 406 1283 479 Ubi
1310 412 1500 484 ostendero
1516 435 1582 483 me
1603 411 1736 507 ipsum.
1804 407 1843 484 si
1866 432 1952 482 vero
1977 409 2121 502 'l'heba-

17 556 23 573 ·
129 513 343 606 Relinquens
361 531 489 580 aureas
506 507 618 580 valles
631 507 820 606 Lydorum
1531 538 1664 586 norum
1681 512 1806 584 civitas

131 615 171 686 Et
182 611 373 709 Phrygum
390 613 661 710 Persarumque
676 615 817 708 apricas
832 617 965 710 glebas,
1171 611 1243 684 Per
1260 614 1352 686 iram
1370 642 1449 688 eum
1468 620 1578 690 armis
1593 614 1753 690 Bacchas
1769 617 1808 688 in
1823 618 1967 690 exilium
1984 619 2117 715 pellere

92 718 131 794 16
152 717 194 790 Et
209 719 318 791 urbes
335 717 637 804 Bactrianorum,
662 729 697 788 et
713 715 917 815 hyemalem
932 736 1066 796 terram
1170 716 1348 812 Quaeret,
1366 723 1567 794 ³dffl0V⁰b0
1585 723 1778 796 exerciluffl
1792 721 2015 796 Maenadum
2032 727 2116 800 dux·

130 824 314 895 Medorum
333 823 524 908 accedens,
550 835 586 893 et
602 823 777 896 Arabiam
791 826 944 914 felicem,
1170 821 1326 916 Propter
1366 851 1475 922 quam
1508 851 1671 925 causam,
1687 827 1826 899 mutavi
1863 828 2017 920 speciem
2049 826 2117 902 hu-

128 927 171 998 Et
183 926 308 1000 Asiam
324 925 552 1012 cmiversam,
580 949 673 1022 quae
690 930 737 999 ad
752 931 886 1002 salsum
904 953 1005 1004 mare
1272 966 1276 974 ·
1536 956 1698 1018 manam,

128 1031 235 1118 Iacet,
258 1033 379 1104 mixtis
395 1031 543 1102 Graecis
559 1043 594 1100 et
608 1031 773 1104 barbaris
793 1035 914 1122 simul,
1169 1026 1216 1098 Et
1230 1053 1350 1100 meam
1368 1033 1523 1104 sormam
1541 1036 1679 1106 mutavi
1694 1036 1733 1106 in
1749 1033 1892 1106 virilem
1907 1048 2090 1109 naturam.

128 1137 255 1208 Multas
270 1131 407 1208 habens
420 1137 512 1206 bene
528 1136 687 1208 munitas
703 1137 822 1211 urbes.
1118 1126 1170 1202 55
1215 1131 1304 1218 Sed,
1354 1156 1375 1204 0
1416 1137 1660 1234 relinquentes
1702 1137 1897 1222 Tmolum,
1951 1152 2113 1212 montem

88 1247 129 1319 to
149 1235 313 1318 Adhanc
329 1240 488 1334 primum
505 1238 589 1308 veni
605 1239 787 1312 civitatem
806 1243 1042 1326 Graecorum,
1535 1240 1687 1338 Lydiae,

126 1343 196 1414 lllic
213 1369 323 1437 agens
342 1339 493 1428 choros,
515 1343 736 1417 constituens
752 1371 833 1418 mea
1169 1337 1384 1410 Sodalitium
1401 1367 1542 1430 meum,
1565 1347 1753 1430 mulieres,
1775 1369 1864 1441 quas
1880 1370 1923 1416 er
1937 1347 2103 1420 barbaris

125 1449 249 1533 Sacra,
277 1459 319 1519 nt
333 1447 400 1519 sim
414 1459 523 1518 notus
537 1445 636 1518 Deus
653 1443 873 1522 hominibus.
1167 1443 1313 1514 Adduxi
1327 1445 1441 1516 socias
1458 1459 1493 1516 et
1508 1450 1656 1522 comites
1672 1445 1774 1533 mihi,

123 1553 283 1624 Primum
301 1575 387 1622 vero
405 1545 550 1622 Thebas
564 1545 672 1624 huius
688 1564 805 1624 terrae
823 1549 1065 1626 Graecanicae
1170 1543 1323 1632 Tollite,
1355 1573 1447 1643 quae
1464 1565 1548 1622 sunt
1563 1555 1711 1647 propria
1729 1547 1945 1646 Phrygibus,

123 1657 269 1728 Ululatu
288 1655 476 1748 compleo,
502 1653 657 1760 induens
667 1656 800 1747 pellem
817 1653 974 1746 corpori,
1169 1647 1383 1742 Tympana,
1405 1649 1528 1726 Rheae
1545 1657 1672 1730 matris
1689 1671 1725 1728 et
1741 1679 1822 1728 mea
1837 1656 2013 1749 inventa„

22 1778 28 1834 't
84 1759 123 1838 25
141 1761 186 1834 Et
203 1755 369 1854 thyrsum
386 1759 476 1828 dans
490 1756 529 1826 in
543 1779 674 1830 manus
690 1755 942 1841 hederaceum‚
1117 1747 1168 1822 60
1191 1751 1265 1825 Vos
1285 1767 1409 1826 euntes
1428 1757 1520 1828 circa
1539 1753 1633 1832 hanc
1646 1739 1782 1854 regiam
1800 1761 1950 1831 domum

124 1865 214 1962 Quia
241 1889 300 1934 me
332 1885 475 1934 sorores
500 1861 647 1946 matris,
672 1887 761 1958 quas
781 1865 931 1936 minime
957 1883 1064 1952 opor·
1167 1853 1340 1944 Penthei,
1363 1861 1526 1951 pulsate,
1548 1875 1590 1934 ut
1603 1864 1724 1936 videat
1739 1863 1867 1934 Cadmi
1881 1861 2019 1934 civitas.

23 2010 25 2065 y
480 1963 562 2049 tuit,
1166 1955 1243 2051 Ego
1260 1986 1348 2032 vero
1365 1985 1446 2033 cum
1460 1961 1611 2038 Bacchis
1626 1969 1672 2038 ad
1688 1961 1916 2040 Cithaeronis
1932 1965 2016 2056 iuga

127 2073 255 2144 llicunt
271 2095 348 2154 non
365 2082 492 2140 natum
509 2090 584 2138 esse
601 2091 644 2140 cx
663 2064 767 2150 love,
1167 2061 1289 2150 Vada,
1311 2064 1375 2136 ubi
1389 2091 1490 2152 sum,
1510 2081 1545 2138 et
1564 2094 1627 2154 ero
1643 2069 1761 2144 socius
1777 2063 1889 2142 chori.

131 2176 184 2248 Sed
200 2174 369 2248 Semelen
385 2172 626 2265 compressam
644 2172 690 2242 ab
705 2168 866 2253 homine,
1069 2227 1073 2236 ,
1169 2168 1266 2238 caer.
1289 2165 1343 2240 Ex
1358 2169 1443 2242 Asia
1461 2171 1635 2244 Tmolum

123 2276 156 2348 ln
173 2278 299 2350 lovem
315 2276 508 2350 contulisse
523 2276 666 2368 culpam
683 2276 811 2369 stupri,
1117 2261 1166 2338 65
1188 2267 1411 2367 Relinquens
1427 2297 1554 2362 curro,
1577 2271 1723 2348 Baccho

86 2381 123 2452 to
140 2381 232 2453 Astu
250 2379 396 2452 Cadmi:
420 2392 571 2474 propter
587 2381 686 2474 quod
701 2379 917 2450 interfecisse
933 2401 1012 2452 eam
1164 2372 1316 2444 Gratum
1332 2377 1489 2452 studium
1507 2393 1543 2452 et
1558 2381 1673 2452 levem
1692 2377 1908 2474 laborem‘),

120 2482 241 2556 lovem
265 2483 487 2576 gloriantur,
527 2481 613 2576 quia
638 2483 797 2556 finxisset
816 2478 914 2554 hune
935 2505 1064 2556 concu-
1165 2473 1348 2550 Bacchum
1364 2482 1548 2556 celebrans
1563 2483 1696 2556 Deum.

479 2585 609 2658 bitum.
1164 2581 1255 2673 Quis
1271 2583 1309 2651 in
1325 2583 1409 2654 via?

121 2687 203 2762 ldeo
222 2713 319 2762 nunc
334 2689 431 2784 ipsas
449 2689 604 2783 erpulie
620 2688 730 2758 domo
1167 2683 1257 2779 Quis
1270 2685 1309 2756 in
1325 2687 1451 2762 atriis?
1473 2693 1575 2762 cedat
1589 2691 1684 2775 loco,

120 2794 189 2867 Per
212 2796 396 2879 furorem,
422 2806 563 2864 montes
586 2813 683 2862 nunc
708 2785 914 2864 inhabitant
940 2814 1063 2864 versae
1115 2783 1166 2856 70
1189 2787 1237 2858 Et
1251 2794 1497 2890 unusquisque
1512 2794 1770 2892 sanctificata,
1797 2814 1837 2861 os
1850 2784 2066 2860 benedicent

484 2897 524 2966 in
539 2897 721 2978 surorem3
1165 2889 1344 2984 Legitima
1359 2897 1444 2972 ritu.

120 3001 232 3095 Coegi
273 3020 365 3070 vero
413 3021 472 3072 eas
510 2994 645 3070 habere
686 3009 855 3068 ornatum
889 3020 1062 3082 ¹meorum
1166 2995 1315 3089 Semper
1333 3001 1522 3072 celebrabo
1536 2999 1754 3095 Dionysium
1763 2999 1808 3094 ⁸).

482 3125 683 3185 sacrorum,

77 3201 117 3278 35
161 3207 210 3282 Et
244 3220 362 3279 totum
396 3231 521 3280 sexum
554 3205 751 3276 femineum
785 3203 1062 3287 Cadmaeorum,
1463 3165 1670 3268 [Slwllle
1704 3167 1761 3270 1¹]

479 3309 651 3405 quicquid
1164 3306 1199 3378 Ο
1212 3306 1315 3391 tetis,
1336 3307 1541 3405 quicunque
1555 3312 1681 3384 beatus
1696 3333 1797 3386 sacra
1816 3309 1978 3381 Deorum

115 3413 183 3490 Est
198 3413 415 3496 mulierum,
440 3413 561 3506 expuli
575 3413 698 3490 lurore
717 3435 759 3482 ex
775 3410 933 3484 aedibus.
1164 3409 1306 3494 Sciens,
1331 3411 1497 3502 purificat
1516 3413 1642 3500 vitam,

114 3519 232 3590 Simul
250 3540 338 3586 vero
355 3515 643 3586 filiabus'Cadmi
656 3513 830 3610 mixtae⁸)
924 3570 933 3586 ,
1116 3511 1164 3585 75
1185 3511 1232 3582 Et
1247 3526 1430 3584 consecrat
1447 3515 1622 3603 animam,

113 3619 303 3693 viriathus
313 3620 380 3691 sub
395 3617 571 3691 abietibus
587 3621 713 3690 sedent
731 3617 771 3688 in
788 3617 932 3691 excelsis
944 3618 1049 3692 saxis.
1164 3613 1401 3700 Inmontibus
1415 3615 1595 3694 bacchans

111 3723 272 3820 Oportet
301 3722 399 3794 enim
435 3723 618 3794 civitatem
651 3717 747 3815 hauc
779 3721 972 3815 experiri,
997 3723 1062 3795 etsi
1163 3719 1282 3791 Sacris
1300 3721 1588 3813 purgationibus,

479 3827 584 3912 nolit,
1163 3821 1210 3892 Et
1226 3826 1352 3896 matris
1372 3849 1525 3919 magnae

64 3929 112 4002 40
134 3929 342 4004 immunem
362 3930 571 4003 existentem
588 3955 753 4002 meorum
769 3953 967 4014 sacrorum,
1164 3925 1276 4019 Orgia
1294 3929 1426 4015 colens,
1501 3945 1503 3956 ⁴

112 4033 176 4106 Me
193 4035 324 4106 afferre
341 4034 588 4103 defensionem
604 4057 672 4125 pro
691 4047 819 4119 matre,
1112 4036 1162 4106 80
1184 4028 1437 4128 Thyrsumque
1456 4035 1634 4128 quatiens.

110 4137 191 4234 Qui
208 4137 306 4210 Deus
321 4137 436 4207 laetus
453 4159 554 4220 sum,
577 4159 687 4230 quern
703 4135 781 4230 ipsa
800 4137 939 4231 peperit
953 4133 1041 4208 lovi.
1162 4131 1210 4204 Et
1222 4130 1352 4205 hedera
1369 4150 1562 4210 coronatus

113 4241 277 4314 Cadmus
292 4239 438 4336 quidem
458 4250 495 4310 et
508 4237 720 4332 dignitatem
741 4252 776 4312 et
791 4239 984 4334 imperium
1162 4235 1376 4332 Dionysium
1392 4239 1488 4312 colit.

110 4341 281 4418 Pentheo
297 4343 446 4414 tradidit
457 4355 545 4416 nato
561 4366 603 4412 ex
619 4341 731 4436 ipsius
746 4343 833 4428 filia,
1160 4339 1368 4428 Procedite,
1392 4337 1569 4428 Bacchae,

67 4443 110 4518 46
133 4449 212 4546 Qui
229 4447 322 4542 gerit
335 4447 469 4518 bellurn
486 4471 649 4530 mecum,
673 4457 709 4516 et
723 4469 743 4514 a
759 4445 993 4516 libationibus
1161 4442 1350 4514 Bromium
1365 4443 1504 4530 Deum,
1528 4443 1598 4515 Dei
1611 4442 1740 4524 lilium,

109 4553 274 4650 Depellit
297 4576 374 4636 me,
397 4564 433 4622 et
453 4574 530 4621 non
551 4543 661 4622 habet
684 4548 905 4620 mentionem
926 4549 999 4618 mei
1021 4548 1059 4617 in
1111 4545 1161 4621 85
1180 4545 1395 4640 Dionysium
1413 4549 1627 4620 deducentes

482 4653 660 4748 precibus.
1160 4645 1395 4745 ExPhrygiis
1408 4653 1610 4723 montibns‘

106 4761 271 4855 Propter
285 4782 378 4854 qnae
393 4747 580 4830 ostendam
596 4761 647 4842 ei,
669 4757 767 4852 quod
783 4751 850 4825 sim
866 4751 975 4838 Deus,
1158 4749 1199 4823 ln
1214 4753 1312 4826 vicos
1329 4754 1421 4826 latos
1435 4754 1623 4838 Graeciae,

104 4864 156 4936 Et
171 4863 311 4936 cunctis
327 4857 531 4946 Thebanis;
553 4862 592 4932 in
607 4861 715 4930 aliam
732 4881 819 4930 vero
836 4859 1034 4950 regionem,
1160 4853 1264 4929 llunc
1279 4856 1486 4944 Bromium,

104 4969 237 5040 Rebus
251 4963 310 5038 hie
324 4965 416 5038 bene
432 4965 664 5060 compositis,
685 4961 861 5047 transibo,

1113 5043 1319 5062 ..ι-α*

25 5141 262 5178 x...-
1143 5158 1175 5227 4)
1202 5173 1302 5227 curro,
1333 5163 1438 5215 naooto
1461 5185 1494 5200 -
1518 5161 1666 5231 laborem]
1696 5163 1738 5214 sto
1764 5160 1851 5214 Mitt.
1879 5155 1972 5220 Μ,
2010 5152 2102 5214 1Μὶ

86 5271 120 5336 a)
142 5267 292 5326 neutram
312 5261 539 5336 verissiensi]
564 5267 606 5320 us
624 5269 707 5320 nette.
727 5265 819 5332 roos,
848 5263 942 5325 tasas
965 5263 1059 5328 arm-s
1179 5231 1818 5367 ffffi„fflffiefflssfflfgcfflmffvgw
1844 5230 1979 5282 ΗΜ
2003 5225 2102 5276 ‘⁰⁰⁸⁰'

124 5345 256 5408 anagn:
273 5337 466 5401 rteemttertse
494 5336 570 5388 Flac
587 5337 741 5389 rnoamosts
759 5335 870 5400 (Eurtp.
886 5327 1058 5402 strennuo.
1144 5370 1162 5422 g
1194 5367 1363 5440 mmm]
1380 5372 1422 5424 ,¹0
1438 5373 1490 5426 Eg·
1512 5373 1604 5438 '5533
1622 5373 1671 5424 gg,
1687 5370 1763 5424 tm.
1781 5369 1963 5424 „memma
2004 5385 2013 5402 ·

89 5435 122 5506 ἱ)
153 5445 274 5504 ntrtee]
298 5441 339 5492 ate
362 5443 411 5502 (ε
430 5439 526 5503 nune.
548 5431 790 5508 ἀναμεμιγμέναι)
823 5439 907 5490 notu.
938 5441 1058 5504 reoent.;
1143 5439 1162 5492 6
1195 5439 1360 5504 ntanystun
1378 5437 1445 5510 eta]
1465 5441 1507 5493 eta
1523 5443 1550 5496 t.
1568 5442 1587 5496 1.
1606 5444 1635 5494 et
1652 5443 1682 5496 tn
1700 5455 1775 5508 seqq.
1793 5439 1879 5496 rats.
1897 5437 1987 5501 tw,
2006 5431 2099 5494 Mt

128 5515 218 5566 totu.
239 5511 332 5576 lm,
352 5509 428 5563 tm
446 5509 543 5562 utria.
1178 5510 1264 5566 atttt
1283 5515 1403 5566 recente
1421 5513 1577 5579 ntooyson
1595 5515 1647 5567 etc.
