4692 6092
97 221 161 304 aa
551 215 642 293 ns
685 205 1090 296 normanniam
1111 202 1650 292 suroca-strumus.
2051 199 2150 310 sss

1055 362 1062 370 Ι
1180 383 1382 480 „videntes
1395 388 1606 484 languentes
1623 373 1821 470 thalamos,
1846 373 2098 454 dissimulare?

94 395 162 478 425
185 395 372 490 „Quando
387 392 455 466 sete
468 392 594 464 mauis
609 390 799 484 suspectis
814 393 923 467 mala.

138 499 286 586 „Solum
305 491 375 566 hoc
390 494 493 566 aiunt
508 506 645 566 certare
659 511 742 564 cum
756 493 852 580 vita,

139 601 203 690 „Si
220 601 279 672 cni
294 601 394 672 aden
408 597 500 670 insta
519 607 556 669 st
570 591 723 668 bouem
735 615 851 670 mens.

139 703 283 791 „Malos
298 697 463 774 homines
477 699 653 786 ostendit,
678 701 827 794 quando
842 693 1034 792 contigeris

137 807 387 900 ,Rmeponens
396 801 594 900 speculum,
608 803 916 900 quemadmodum
925 804 1078 895 puellae,

90 907 161 984 450
184 908 391 1003 „Tempuss
417 907 515 1002 apud
528 929 620 1002 quos
636 927 705 998 ego
718 925 797 978 uon
813 906 951 978 videar.

138 1015 232 1089 otor.
247 1011 327 1084 Heu
342 1007 432 1096 heu,
459 1031 604 1107 „quam
615 1007 749 1106 ubique
765 1003 916 1085 honesta
933 1025 987 1084 est
999 1038 1078 1084 mo·

134 1215 208 1304 „Et
221 1215 327 1288 affert
340 1111 690 1309 egregiatdegiloiiam
707 1211 801 1286 inter
819 1209 1005 1288 homines!

134 1325 216 1394 Nat.
242 1317 423 1403 Domina,
450 1309 861 1411 mihicalamitasprius

138 1419 215 1494 'l'ua
231 1436 382 1515 repente
393 1419 560 1515 praebent
574 1417 756 1514 ingentem
773 1429 930 1501 metums

1179 493 1257 580 „Et
1273 519 1382 592 quarn
1397 495 1530 568 multos
1545 497 1665 585 patres'
1680 481 1879 562 liberorum
1893 496 2038 582 peccata

1129 587 1206 670 4⁶5
1230 589 1423 690 „Tegerci
1448 591 1774 689 etenim'sapientia

1181 697 1310 788 „Haec
1324 713 1377 773 est
1390 696 1594 784 hominum,
1619 711 1661 770 ut
1677 695 1816 770 occulta
1831 691 1914 776 sint,
1941 711 2034 786 quae
2047 709 2123 756 non

1537 813 1622 873 sunt
1642 797 1806 873 honesta.

1181 905 1297 992 „Nou
1336 913 1480 1000 oportet
1518 897 1685 977 homiues
1719 892 1829 976 nimia
1865 909 1987 970 tatere
2021 903 2126 986 agere

1539 1007 1664 1080 vitam.

1180 1108 1337 1207 „Neque
1352 1109 1448 1182 enim
1466 1123 1619 1198 tectum,
1644 1133 1718 1208 quo
1734 1107 1865 1178 domus
1880 1111 2069 1194 teguntur,

1181 1269 1205 1300 ‚,
1213 1213 1345 1286 hirsute
1360 1214 1498 1286 iaciunt
1513 1210 1676 1288 artifices.
1717 1201 1916 1302 Postquam
1932 1195 1972 1274 ln
1988 1197 2127 1271 malum

1130 1317 1206 1390 470
1232 1309 1422 1406 „Tantum
1453 1327 1494 1389 tu
1518 1307 1695 1402 incidisti,
1738 1303 1923 1410 quomodo
1954 1317 2060 1401 putas
2090 1313 2125 1370 te

1538 1445 1642 1513 posse
1665 1409 1844 1489 evadere?

93 1521 160 1598 455
183 1523 392 1598 Nunevero
405 1543 560 1618 agnosco
574 1543 633 1592 me
648 1543 723 1595 esse
737 1515 913 1594 timidam.
957 1513 1078 1606 „luter
1182 1515 1284 1608 „Sed
1298 1523 1329 1595 si
1345 1514 1455 1596 babes
1472 1511 1577 1616 plura
1592 1522 1690 1593 bona
1706 1541 1815 1618 quam
1830 1509 1948 1596 mala,

136 1783 158 1814 „
167 1727 412 1822 Cogitationes
425 1620 743 1824 posilei'ildildaunt
757 1725 1021 1821 prudentiores.

1181 1625 1304 1712 „Cum
1319 1619 1368 1699 sis
1384 1621 1517 1710 homo,
1541 1623 1726 1720 praeclare
1742 1613 1914 1714 agitur')
1930 1625 2060 1685 tecum.

1178 1728 1311 1826 Atqui,
1337 1754 1359 1799 o
1375 1729 1563 1815 matilia,
1589 1727 1717 1800 desiste
1732 1723 1837 1798 stulta
1856 1738 1953 1802 esse,

135 1827 235 1906 Nihil
262 1831 358 1904 euim
385 1831 587 1924 singulare,
626 1839 662 1901 ct
681 1825 780 1926 quod
800 1841 947 1924 asperat
971 1849 1079 1901 omne
1179 1831 1227 1904 Et
1247 1831 1370 1903 desine
1393 1855 1593 1926 repugnare
1615 1827 1750 1909 amori;
1791 1819 1883 1896 nibil
1905 1817 2001 1890 enim
2027 1813 2125 1884 aliud

493 1930 681 2006 eonsilium
700 1931 970 2018 attenedum,

136 2035 286 2110 Pataris.
335 2033 416 2108 lrae
433 2033 585 2107 Veneris
599 2035 637 2106 in
653 2047 691 2106 te
702 2033 899 2108 temerant.

1544 1957 1652 2030 quam
1668 1927 1801 2002 lerocla

1131 2033 1207 2112 475
1233 2035 1331 2108 Haec
1346 2035 1484 2132 sunt⁸¹)
1500 2037 1589 2106 velle
1606 2035 1795 2105 fortiorem
1813 2053 1887 2104 esse
1899 2025 1991 2098 Diis.

140 2137 270 2212 bmns?
297 2129 477 2235 quidhoc
501 2149 554 2212 est
575 2135 736 2209 mirum?
761 2161 842 2211 cum
868 2137 990 2210 multis
1014 2131 1080 2208 bo·
1172 2139 1286 2242 ‘susis
1301 2163 1442 2222 amare;
1468 2137 1566 2212 Deus
1584 2132 1794 2209 voluithoc.

496 2240 661 2316 missibus
668 2265 860 2314 mmmune
872 2237 943 2313 hoc
956 2237 1080 2315 habes.
1180 2242 1229 2316 Et
1243 2243 1435 2337 languens,
1460 2241 1551 2314 bene
1566 2241 1670 2314 finias
1688 2239 1868 2310 morbum.

96 2343 159 2420 440
183 2343 325 2416 Deinde
344 2344 398 2416 vis
414 2345 510 2415 mori
525 2357 675 2437 propter
688 2343 876 2416 amorem?

1182 2343 1275 2420 Sunt
1288 2341 1551 2419 incantationes
1565 2358 1601 2416 ct
1615 2343 1723 2416 verba
1741 2330 1999 2414 demulcentis,
2127 2439 2129 2444 Ι

134 2444 233 2521 Nihil
247 2471 395 2542 prorsus
408 2471 500 2540 opus
515 2459 606 2518 esset
619 2470 744 2520 amore
761 2445 967 2522 amantibus
979 2443 1081 2534 al‘sos,
1181 2449 1388 2523 invenietur
1404 2450 1555 2548 aliquod
1567 2445 1766 2520 remedium
1780 2437 1913 2514 morbi.

134 2549 181 2621 Et
202 2549 411 2646 quicunque
427 2547 584 2620 amaturi
613 2561 717 2636 aunt,
756 2551 787 2624 si
815 2549 961 2650 quidem
985 2547 1081 2646 ipsos
1132 2551 1208 2630 480
1235 2553 1355 2640 „Sero
1372 2552 1511 2650 aliquid
1527 2551 1596 2622 viri
1617 2549 1822 2632 invenient,

493 2650 590 2722 mori
604 2665 800 2746 oporteret.

1182 2657 1333 2746 „Sinos
1348 2653 1516 2729 mulieres
1530 2655 1648 2728 nullas
1663 2665 1757 2725 artes
1772 2633 2061 2730 inveniamus'J.

137 2751 262 2838 „Nam
271 2751 393 2828 Venus
407 2779 482 2826 non
497 2767 550 2825 est
565 2755 779 2842 tolerabilia,
804 2754 835 2828 ti
850 2776 932 2829 cum
947 2782 1080 2852 magno
1184 2765 1283 2838 Olor.
1303 2753 1491 2846 Phaedra,
1516 2753 1604 2830 haec
1620 2755 1708 2830 dicit
1723 2745 1869 2828 utiliora

496 2856 635 2950 impetu
654 2855 839 2958 ineufi).

136 2955 359 3040 „cedentem
376 2959 515 3052 placide
529 2954 680 3036 invadit.

1182 2863 1241 2938 Ad
1254 2877 1478 2960 praesentem
1494 2859 1753 2934 calamitatem:
1780 2851 1890 2928 laudo
1908 2861 2029 2920 tamen
2046 2843 2096 2911 te.-

1182 2971 1252 3043 sed
1267 2966 1356 3040 hacc
1369 2970 1447 3040 laus
1461 2965 1622 3038 odiosior
1636 2961 1756 3036 verbis
1853 3038 1856 3044 ι
1948 3023 1953 3030 ‚

89 3055 161 3132 445
184 3060 288 3146 „⁸⁶⁶
323 3087 431 3159 ‘luem
461 3061 630 3136 &mlum
664 3076 701 3134 θῑ
729 3057 993 3160 ‘Upfilffiffllfflt
1027 3064 1078 3132 3¹¹·
1133 3071 1208 3148 485
1233 3067 1349 3144 flotus
1365 3083 1401 3142 et
1415 3067 1480 3141 tibi
1498 3065 1683 3142 molestior
1697 3069 1743 3136 ad
1760 3052 1991 3134 audiendum.

495 3165 657 3250 venerit,

134 3263 271 3349 „Hunc
297 3277 502 3360 acceptum,
551 3269 736 3364 quomodo
765 3265 896 3364 putas?
942 3265 1095 3340 duriter¹

488 3377 629 3441 tractat.

137 3469 282 3555 „Vadit
295 3493 359 3562 per
375 3491 517 3560 auen,
542 3471 646 3546 estis
659 3470 813 3546 ,mnne

137 3571 352 3658 „Fluctibus
366 3567 501 3648 Venus.
551 3574 686 3648 Omnia
701 3599 744 3648 er
760 3599 803 3648 aa
820 3587 1027 3652 nascuntur.

135 3671 248 3771 „lpse
265 3687 338 3762 est,
362 3677 643 3772 quassantes,
668 3691 705 3752 et
719 3679 782 3750 dat
799 3701 982 3768 amorem,

88 3775 159 3852 450
185 3777 321 3866 „Cuius
335 3778 471 3852 amoris
486 3805 611 3856 omnes
628 3781 666 3852 iu
683 3793 779 3854 terra
794 3807 919 3856 sumus
933 3787 1078 3880 posteri.

132 3879 349 3979 Quicunque
364 3879 474 3974 igitur
487 3885 619 3980 scripta
632 3897 794 3958 veterum

129 3981 299 4072 Habent,
323 3983 436 4080 etqui
453 4009 528 4060 sem
555 4013 595 4060 er
610 3999 799 4060 versantur
813 3987 851 4060 in
865 3988 1053 4082 poematis,

126 4085 296 4173 Norunt,
323 4090 509 4184 quomodo
521 4011 659 4184 iupiter
673 4091 850 4164 amaverit
861 4089 1011 4184 nuptias

125 4189 306 4276 Semeles,
331 4202 368 4262 et
381 4204 537 4279 norunt,
560 4205 602 4265 ut
617 4191 814 4288 aliquando
828 4193 991 4288 rapuerit

71 4288 154 4368 455
181 4287 338 4366 Pulchra
352 4293 495 4368 Aurora
512 4291 710 4390 Cephalum
726 4295 821 4368 inter
834 4291 933 4370 Deos

123 4395 287 4488 Propter
302 4396 540 4494 amorem');
564 4400 627 4471 sed
643 4397 818 4472 tamenin
833 4400 933 4474 coelo

123 4496 308 4571 Habitant
323 4511 360 4572 et
372 4523 451 4572 non
463 4497 608 4592 lugiunt
620 4525 645 4570 a
657 4493 748 4574 Diis.

1182 3179 1288 3251 Pauo.
1315 3173 1424 3262 „Hoc
1442 3185 1514 3258 est,
1541 3171 1640 3269 quod
1664 3171 1755 3240 benc
1779 3161 1988 3236 constitutas
2009 3146 2126 3222 homi-

1552 3299 1639 3346 num
1658 3273 1838 3355 civitates,

1181 3379 1259 3469 „Et
1283 3379 1439 3452 familias
1462 3378 1611 3463 evertit,
1645 3375 1754 3448 nimis
1781 3363 1960 3466 splendidi
1990 3379 2125 3434 sermo·

1180 3585 1300 3676 „Nm
1311 3597 1455 3682 oportet
1468 3473 1756 3660 dicedeidiiinda
1773 3575 1940 3657 auribus,

1179 3686 1280 3780 „Sed
1310 3687 1368 3778 id,
1404 3717 1447 3764 er
1478 3685 1756 3864 ququqilqriosus
1776 3677 1950 3754 afficiatur
1970 3669 2020 3756 is,

1129 3895 1206 3968 490
1230 3897 1315 3972 Nu.
1347 3893 1453 3991 Quid
1472 3909 1551 3968 tam
1572 3893 1729 3988 graviter
1749 3875 1937 3987 loqueris?
1967 3889 2042 3947 non
2064 3872 2125 3940 de-

1454 4031 1461 4042 ·
1537 4022 1621 4070 cora
1647 3993 1812 4069 oratione

1178 4096 1280 4196 Opus
1305 4109 1423 4176 astte
1445 4095 1518 4188 uti,
1563 4103 1624 4172 sed
1659 4091 1879 4192 exploranda
1913 4095 1965 4157 est
1995 4077 2123 4150 volun·
2204 4125 2207 4132 ·

1536 4215 1597 4276 tas
1615 4201 1691 4274 viri

1176 4303 1338 4380 Dicentis
1352 4317 1514 4400 apertam
1532 4303 1734 4375 orationem
1751 4297 1796 4372 dc
1810 4311 1858 4370 te.

1176 4407 1254 4484 Nisi
1269 4407 1365 4480 enim
1382 4403 1571 4480 viveresiu
1587 4401 1692 4480 malis

1177 4513 1327 4599 Tantis,
1353 4513 1389 4584 et
1403 4536 1495 4586 esses
1507 4511 1638 4606 pudica
1655 4499 1805 4594 mulier,

122 4601 201 4674 sed
217 4599 280 4672 Dii
293 4602 480 4697 l’atiumur
495 4625 575 4688 ⁰⁰⁸2
600 4602 728 4688 “⁰⁶⁰2
752 4601 836 4674 Villi
859 4601 1075 4673 ffllssmlffle·
1126 4611 1202 4689 495
1226 4609 1422 4713 Nunquam
1438 4625 1587 4710 propter
1601 4604 1822 4684 connubium
1844 4617 1879 4676 et
1899 4595 2120 4686 voluptatem
2135 4633 2140 4642 -

121 4702 192 4780 To
205 4723 294 4780 vers
306 4729 383 4778 non
397 4703 612 4780 numnis?
636 4705 829 4802 oportebat
844 4717 880 4777 ts
898 4703 1074 4778 conditio·

488 4809 596 4884 nibus
613 4807 720 4882 certis

59 4907 151 4986 46⁰
176 4905 329 5004 Apatre
350 4907 528 5006 genitus,
551 4925 615 4986 sut
632 4907 886 4984 domiuisDiis

118 5010 236 5097 Aliis,
260 5011 383 5084 sinon
400 5013 593 5110 acquiescis
609 5009 705 5087 hisce
720 5012 867 5106 legibus.

120 5169 147 5197 s.
156 5113 259 5210 Quot
273 5129 398 5209 putas,
423 5117 622 5214 quamlibet
635 5117 835 5212 sapientes,

101 5343 810 5413 &muhammat-nstrum:
837 5343 1020 5398 wanuh

101 5453 159 5514 H)
175 5451 210 5508 E
226 5452 248 5508 t.
264 5449 328 5506 tatt-
345 5451 413 5504 rota
426 5439 700 5516 mustra-sla.

1536 4729 1636 4790 tuam

1126 4865 1330 4881 -ῄ

1159 4975 1209 5035 ω)
1226 4973 1335 5038 entur]
1355 4971 1398 5026 sto
1410 4971 1497 5030 ΗΜ.
1511 4971 1603 5038 tm,
1620 4971 1721 5037 Baro„
1737 4971 1858 5038 Urso„
1875 4965 1954 5032 rus
1977 4962 2028 5016 rt.
2042 4959 2118 5016 1558.

1248 5047 1362 5164 melfi·
1374 5039 1524 5166 'w
1538 5041 1634 5112 m,
1658 5041 1737 5096 tm
1753 5040 1814 5096 at.
1831 5037 1900 5092 aab
1915 5041 2020 5100 mna
2042 5029 2118 5083 coo·

1157 5195 1422 5321 11ὲωῖωῶίῆ
1424 5197 1478 5320 aq
1495 5202 1552 5320 (ua-
1574 5195 1669 5263 tastu.
1693 5189 1765 5252 niel*
1789 5189 1863 5260 loti)
1888 5191 1974 5245 uttt.
1998 5187 2118 5249 emta

1157 5351 1209 5410 ἥ)
1227 5351 1292 5406 ut
1310 5351 1339 5406 ln
1352 5299 1439 5410 riter
1453 5271 1650 5422 1550πᾶ
1658 5353 1727 5406 uota
1743 5357 1848 5418 setam:
1866 5347 1954 5426 lctus
1964 5343 2118 5402 nomon

1158 5433 1212 5497 δη
1225 5431 1261 5494 Ε.
1278 5431 1299 5496 l.
1317 5435 1383 5496 otc
1400 5437 1469 5493 nota
1486 5447 1588 5504 rsus-s
1612 5435 1720 5496 oneo.
