4748 6108
287 191 363 264 947
869 177 992 254 rau.
1028 179 1141 253 nee.
1175 177 1379 254 scaram
1413 179 1751 260 ruuonomca
2255 195 2312 272 an
2367 159 2368 176 ¹

342 361 475 430 Iniuste
508 357 674 453 quidem,
714 353 775 423 sed
807 375 873 444 ego
903 365 1024 428 tamen
1047 354 1188 446 culpam
1214 376 1288 426 sus·
1392 357 1468 427 Hel.
1498 354 1640 432 'Omnes
1662 374 1746 431 sunt
1768 360 1837 429 mei
1864 362 1989 447 amici,
2033 379 2177 457 praeter
2205 391 2314 460 regem,

703 455 815 526 tineo·
1245 491 1249 494 ·
1753 463 1816 558 qui
1831 477 1988 536 sectatur
2003 489 2101 540 moes
2117 471 2261 563 nuptias.
2367 457 2368 496 l

342 567 447 660 Quod
466 563 533 634 luit
549 563 655 630 decus
671 561 801 630 domus
819 581 942 642 meae,
1395 563 1494 634 Olor.
1520 562 1615 648 Scis,
1640 565 1729 660 quid
1746 567 1949 639 laciendum
1969 567 2040 641 sit?
2066 573 2226 669 relinque
2239 570 2315 645 hunc

291 670 367 746 290
392 669 503 750 Filia,
529 664 605 736 siue
621 665 700 733 viro
716 675 878 732 canescet
894 663 1009 756 virgo.
1753 671 1873 740 locum
1895 669 2087 766 sepulchri.

343 773 471 844 Castor
486 768 685 850 etPollux,
712 766 774 860 qui
791 765 1040 838 dicunturlslii
1056 765 1170 849 lovis,
1395 771 1470 842 Hel.
1511 767 1567 839 Ad
1598 795 1706 864 quern
1736 797 1938 845 sermonem
1965 789 2031 848 aur
2051 775 2314 850 adhortationem
2367 863 2368 866 Ἴ

343 878 426 948 Non
443 886 527 946 sunt
543 871 707 964 amplius.
756 868 935 942 Omnibus
952 869 1215 943 calamitatibus
1229 893 1292 962 op·
1759 873 1884 947 vadis?

704 995 844 1065 pressa,
1398 975 1496 1046 Glor.
1524 971 1667 1048 lutrans
1683 977 1720 1048 in
1735 980 1904 1064 domum,
1931 1005 2024 1074 quae
2039 983 2160 1052 omnia
2175 983 2281 1068 novit,

345 1081 454 1174 Quod
480 1081 524 1146 ad
549 1078 733 1147 fortunam
757 1075 906 1159 attinet,
946 1089 1216 1158 morimeam,
1255 1099 1292 1146 re
1346 1072 1422 1150 325
1450 1076 1630 1148 Marinam
1654 1083 1810 1173 puellam
1826 1081 2017 1156 Nereidem

705 1179 781 1272 ipsa
798 1181 975 1250 nondum.
1398 1175 1599 1256 Theonoen
1618 1183 1821 1276 interroga,
1848 1209 1895 1254 au
1913 1183 2030 1258 adhuc
2048 1187 2147 1258 vivat
2164 1201 2241 1259 tuus
2259 1214 2319 1258 ma·

348 1285 424 1354 lloe
443 1295 664 1378 postremum
685 1295 756 1364 est,
780 1281 811 1350 si
827 1282 986 1352 venirem
1003 1282 1040 1350 in
1056 1283 1232 1375 patriam,
1756 1287 1864 1372 ritus,

294 1386 370 1464 295
397 1385 574 1458 Excludar
593 1387 637 1456 ab
655 1385 821 1468 aedibus,
848 1409 948 1468 cum,
977 1409 1069 1479 quae
1088 1388 1133 1454 ad
1150 1383 1253 1454 Ilium
1398 1383 1456 1454 An
1472 1409 1558 1456 vero
1574 1387 1620 1458 sit
1637 1402 1811 1462 mortuus.
1845 1389 1917 1460 Ubi
1930 1393 2023 1461 bene
2038 1391 2244 1484 cognoveris
2256 1389 2319 1478 boc,

345 1491 447 1575 Fuit,
473 1490 646 1560 llelenam
666 1513 746 1560 cum
764 1486 931 1558 Menelao
948 1488 1085 1560 venisse
1100 1501 1279 1580 putarent.
1398 1487 1514 1559 Prout
1531 1491 1711 1579 res-leret,
1739 1493 1795 1561 vel
1811 1496 1986 1584 gaudeas,
2013 1497 2069 1566 vel
2082 1496 2216 1567 doleas.

289 1595 298 1606 ’
346 1596 440 1668 Nam
462 1594 491 1666 si
509 1594 647 1664 viveret
672 1591 842 1674 maritus,
876 1615 1061 1682 possemus
1081 1616 1147 1664 nos
1170 1605 1296 1664 mutuo
1399 1590 1491 1662 Nam
1518 1593 1727 1688 priusquam
1749 1607 1844 1664 recte
1867 1596 1957 1669 scias
1977 1597 2134 1693 aliquid,
2169 1598 2251 1692 quid
2272 1599 2319 1668 tihi

714 1718 926 1785 agnoscere,
1765 1699 1930 1789 prodest,

348 1801 539 1871 Venientes
556 1801 602 1870 ad
619 1795 829 1891 indiciae),
861 1821 952 1892 quae
977 1797 1080 1868 nobis
1104 1795 1189 1868 solis
1210 1808 1294 1864 nota
1349 1795 1425 1868 880
1450 1795 1488 1867 si
1508 1794 1653 1868 doleas?
1679 1798 1887 1892 obtempera
1902 1795 2005 1873 mihi.

713 1913 814 1980 sunt;
1399 1897 1540 1970 Relicto
1556 1894 1625 1969 huc
1640 1899 1829 1994 sepulchro
1846 1906 1973 1974 accede
1989 1905 2032 1974 ad
2051 1906 2228 1996 puellam,

348 2007 416 2076 Sed
434 2001 503 2076 hoc
519 1999 611 2074 nihil
624 2015 676 2076 εει
690 2027 805 2087 nunc,
832 2027 948 2098 neque
962 2001 1142 2074 rediturus
1160 2013 1213 2070 est
1227 2001 1297 2070 ille.
1401 2001 1508 2072 Unde
1524 2003 1611 2074 scies
1627 2003 1749 2073 omnia
1766 2019 1861 2076 recte
1878 2006 2016 2090 dicere,
2066 2031 2070 2040 ·

299 2111 375 2182 500
401 2108 499 2202 Quid
527 2107 681 2200 amplius
709 2104 856 2175 vivam?
896 2131 1005 2200 quam
1031 2106 1214 2176 fortunam
1242 2128 1298 2172 ex·
1401 2101 1442 2173 ln
1456 2101 1525 2174 hac
1543 2107 1671 2175 domo:
1700 2109 1764 2201 qul
1781 2107 2008 2201 prospectas?

715 2207 844 2302 pecto?
1400 2206 1477 2299 Ego
1497 2210 1577 2278 tolo
1594 2209 1699 2280 simul
1715 2223 1831 2280 tecum
1849 2213 1988 2303 ingredi
2002 2213 2173 2296 domum,

349 2315 406 2382 An
423 2312 566 2404 nuptias
583 2314 732 2404 eligam,
757 2311 994 2384 mutationem
1013 2311 1210 2391 malorum,
1351 2306 1427 2380 355
1452 2309 1498 2381 Et
1514 2335 1586 2381 una
1604 2313 1729 2382 audire
1745 2313 1892 2405 virginis
1907 2315 2064 2385 oracula.

352 2415 401 2486 Ut
415 2411 573 2486 habitem
588 2441 667 2486 cum
687 2415 766 2484 viro
785 2414 961 2498 barbaro,
989 2414 1035 2484 ad
1052 2412 1261 2505 opulentam
1403 2413 1535 2484 Mulier
1551 2413 1646 2484 enim
1665 2415 1769 2485 debet
1782 2416 1970 2488 mulierem
1985 2417 2171 2488 adiuvare.

352 2519 515 2590 Mensam
530 2517 682 2590 sedens?
735 2515 922 2610 „Quando
940 2517 1090 2588 maritus
1107 2515 1242 2586 invisus
1402 2517 1478 2588 Hel.
1504 2515 1647 2600 Amice,
1674 2518 1795 2612 accepi
1814 2515 1880 2591 hos
1897 2543 2092 2592 sermones.

355 2621 534 2706 „llabitat
550 2645 630 2692 cum
648 2619 817 2704 muliere,
843 2633 878 2690 et
891 2643 1045 2713 persona
1064 2642 1139 2686 uon
1155 2618 1288 2710 placet,
1403 2617 1453 2688 lte
1471 2619 1509 2689 in
1529 2621 1697 2704 domum,

301 2720 376 2798 305
404 2724 625 2818 „Optimum
657 2736 710 2796 est
737 2722 851 2792 mori:
894 2722 1032 2792 moriar
1056 2721 1112 2790 vel
1135 2743 1210 2790 nou
1235 2715 1299 2790 ho·
1404 2719 1502 2794 lutus
1517 2723 1555 2792 iu
1573 2723 1720 2795 aedibus
1736 2723 1898 2796 miserias

715 2837 826 2896 ueste.
1354 2821 1429 2896 340
1455 2825 1506 2896 Ut
1521 2849 1617 2896 meas
1637 2827 1801 2898 audiatis.

352 2931 493 3024 Turpes
511 2940 596 3002 sunt
609 2925 913 3020 strangulationes
927 2927 971 2994 de
985 2924 1149 3008 sublimi,
1404 2929 1502 3001 Olor.
1528 2928 1644 3000 Vocas
1660 2953 1734 2999 non
1750 2951 1855 3022 aegre
1870 2928 2060 3000 volentem.

352 3033 472 3104 Etiam
488 3031 599 3108 servis
618 3031 654 3102 id
671 3030 895 3102 existimatur
912 3053 986 3102 esse
1002 3027 1239 3122 probrosum;
1404 3033 1480 3103 Hel.
1507 3029 1541 3102 0
1559 3032 1653 3101 diem
1672 3031 1869 3116 infelicem,

351 3137 421 3206 Sed
436 3138 561 3208 caedes
577 3131 711 3206 habent
727 3133 864 3228 aliquid
879 3131 1044 3225 generosi
1062 3143 1097 3202 et
1112 3127 1267 3224 pulchri.
1406 3130 1710 3226 Quam'miseram
1729 3148 1763 3204 et
1779 3129 1980 3226 lachryma-

354 3239 463 3310 l’arvi
491 3238 667 3312 momenti
692 3249 744 3310 est
761 3239 892 3310 modus
921 3235 1126 3308 discedendi
1160 3259 1201 3304 ex
1236 3230 1304 3302 hac
1404 3235 1512 3306 bilem
1531 3237 1731 3308 orationem
1748 3233 1917 3308 audiam?

719 3341 808 3410 vita:
1356 3333 1432 3410 345
1459 3343 1558 3413 (litor.
1584 3341 1680 3412 Num
1698 3341 1795 3410 dolet
1809 3331 2119 3431 praesagienstfl)

306 3447 380 3518 atu
406 3443 447 3514 ln
463 3457 599 3516 tantam
616 3443 797 3514 malorum
813 3439 1096 3534 profunditatem
1110 3439 1285 3508 venimus.
1407 3441 1574 3535 Occupa,
1601 3467 1623 3512 o
1645 3438 1772 3525 chara,
1798 3443 1925 3513 luctus.

355 3547 511 3638 Propter
525 3547 680 3616 sormam
697 3544 815 3616 felices
830 3555 914 3614 sunt
929 3543 1021 3611 aliae
1407 3547 1483 3617 Hel.
1509 3545 1606 3639 Quid
1622 3547 1772 3617 sustinet
1787 3544 1910 3615 inlelix
1928 3565 2027 3611 meus
2043 3535 2216 3609 marinis?

358 3649 546 3727 Mulieres;
574 3651 636 3720 sed
651 3671 708 3716 me
724 3648 849 3716 eadem
866 3645 926 3714 illa
942 3642 1110 3736 perdidit.
1405 3651 1463 3718 Au
1479 3649 1576 3718 videt
1591 3649 1733 3731 lumen,

358 3755 456 3826 Olor.
484 3751 639 3836 Helena,
672 3745 872 3840 hospitem,
909 3747 972 3840 qui
993 3746 1111 3828 venit,
1146 3741 1306 3837 quisquis
1407 3749 1454 3819 Et
1468 3753 1701 3844 quadriiugos
1717 3769 1842 3818 currus
1859 3744 1962 3828 solis,

727 3863 779 3922 etl
801 3850 882 3931 ille,
1357 3849 1433 3926 350
1459 3855 1505 3924 Et
1526 3854 1602 3924 vias
1625 3847 1828 3924 astrorum?
1867 3869 1914 3916 an
1947 3869 2032 3915 vero
2063 3844 2158 3914 inter
2188 3847 2326 3912 murttt⁰⁵

358 3955 441 4028 Non
458 3967 561 4048 putes
578 3953 699 4024 omnia
717 3976 799 4022 vera
819 3949 958 4020 dixisse.
1772 3951 1838 4022 sub
1854 3961 1951 4019 terra

309 4053 383 4130 515
409 4061 484 4132 Hel.
519 4057 631 4153 Atqui
650 4057 745 4126 clare
769 4054 859 4124 dixit
892 4049 1062 4120 maritum
1094 4072 1212 4119 meum
1246 4074 1303 4142 pe·
1393 4061 1630 4129 ,Terrestrem
1651 4056 1727 4125 obit
1741 4050 1953 4124 fortunam?

726 4155 840 4228 tiliae·
1411 4165 1509 4235 Olor.
1536 4161 1708 4231 Transfer
1724 4158 1761 4227 in
1775 4153 1923 4239 melius,

298 4263 302 4269 ’
359 4267 459 4336 Olor.
487 4262 601 4332 Multa
614 4273 703 4332 ,sunt
716 4260 823 4343 lalsa,
848 4279 939 4352 quae
956 4254 1135 4326 dicuntur.
1408 4264 1589 4358 Quicquid
1610 4276 1661 4334 est
1675 4263 1848 4332 futurum.

360 4367 437 4436 rtet
463 4363 510 4434 Et
532 4376 677 4436 econtra
700 4363 833 4445 multa,
866 4383 959 4455 quae
982 4381 1067 4427 vera
1091 4369 1192 4438 sunt,
1227 4380 1306 4448 per·
1408 4369 1482 4439 Hel,
1510 4367 1564 4436 Te
1579 4365 1747 4436 invocavi
1765 4375 1801 4433 ει
1817 4371 1930 4454 perte
1947 4354 2064 4426 iuravi

720 4465 841 4559 spicue
858 4475 953 4536 sunl·
1358 4467 1433 4542 355
1460 4469 1657 4541 Humidum
1673 4468 1792 4536 locum
1811 4459 2032 4534 arundinetis

362 4572 460 4641 Olor.
486 4568 572 4640 Fert
589 4581 623 4639 te
637 4569 675 4638 in
692 4568 930 4640 calamitatem
947 4591 1015 4660 pro
1032 4563 1197 4660 bonow).
1408 4573 1583 4644 Eurotam
1592 4570 1661 4666 88),
1685 4571 1714 4642 εἰ
1729 4579 1893 4638 mortuus
1910 4575 1981 4647 est,

362 4675 439 4744 Hel.
466 4672 584 4744 Metus
600 4672 824 4744 circumdans
849 4671 947 4740 ducit
971 4694 1048 4752 me,
1078 4681 1120 4739 ut
1139 4663 1208 4736 hoc
1233 4688 1306 4734 cre·
1409 4677 1447 4748 Si
1464 4701 1548 4746 vera
1563 4688 1615 4746 est
1629 4675 1725 4742 fama
1738 4667 1827 4742 haec
1842 4671 1886 4739 de
1901 4666 1980 4736 viro
1996 4685 2094 4734 meo:

734 4779 837 4859 dam,
864 4775 962 4868 quod
978 4785 1111 4844 metuo·
1409 4779 1524 4874 (Quid
1539 4775 1669 4848 horum
1687 4787 1740 4847 est
1753 4767 1986 4864 obscurant)

236 4873 240 4880 ’
313 4878 388 4950 320
416 4879 513 4950 Olor.
541 4875 734 4971 Quomodo
750 4879 874 4948 affecta
891 4901 927 4947 es
943 4899 1025 4967 erga
1042 4898 1122 4958 eos,
1147 4868 1308 4963 quisunt
1409 4883 1594 4954 Praebebo
1609 4881 1738 4950 collum
1753 4873 1945 4968 suspendio
1964 4869 2082 4951 letali,

720 4981 758 5048 in
774 4977 909 5050 domu?

1392 5119 1441 5178 m
1460 5118 1529 5168 Nun
1547 5114 1622 5164 dotet
1636 5109 1817 5194 praeseglens
1824 5104 1852 5175 l]
1872 5107 1912 5194 etc
1929 5107 2012 5158 111111,
2027 5103 2118 5165 1666,
2137 5097 2210 5152 tm.
2235 5091 2284 5160 (³³
2299 5077 2342 5204 ἓν

1428 5185 1513 5237 Besll.
1532 5184 1607 5234 tter.
1630 5179 1670 5248 μή
1693 5191 1849 5248 reponente
1871 5173 2033 5244 646666ςῇ
2064 5165 2272 5222 sentement
2337 5179 2341 5206 ³
2367 5203 2368 5208 η

1427 5251 1582 5322 πρόμαντις
1598 5245 1720 5319 ἀλγέων,
1741 5273 1768 5288 ··
1787 5249 1831 5301 Ne
1848 5257 1987 5312 praesaga
2003 5241 2145 5304 dolorum,

386 5359 427 5407 ad
443 5357 625 5408 oetanttoten
642 5353 714 5406 enlm
732 5351 822 5415 nrm:
848 5351 989 5412 nlnlrum]
1008 5349 1099 5414 pottns
1114 5357 1194 5413 quam
1207 5347 1243 5398 ed
1257 5347 1307 5397 bo·
1378 5339 1440 5406 'tel
1458 5335 1602 5406 Eurotam]
1620 5337 1663 5388 616
1679 5335 1831 5397 (discip
1844 5327 1995 5400 Εὐρώπαν)
2012 5330 2137 5392 alonge,
2155 5321 2214 5378 ru.
2223 5333 2233 5384 ε
2248 5318 2251 5322 ’
2266 5307 2343 5367 Etim·

385 5437 449 5478 nun
468 5433 498 5478 es
515 5435 659 5500 propense.
1431 5409 1524 5478 1666,
1545 5408 1639 5472 roem,
1656 5408 1755 5458 earn:
1777 5405 1894 5460 Eurota.

351 5147 533 5212 2611611616]
556 5148 597 5200 616
618 5145 721 5208 scripsi
745 5144 794 5211 (=
811 5145 905 5210 suen.
924 5139 1061 5212 tippul',
1082 5141 1169 5194 Edttt.
1188 5141 1307 5202 recent&

384 5219 495 5288 etgne);
519 5215 807 5281 1111111..1668.,1666.
826 5215 933 5268 ludtcta.

347 5291 397 5349 26)
414 5287 482 5340 Fert
497 5317 531 5330 -
553 5287 649 5348 bono]
671 5283 713 5336 sto
730 5284 814 5338 ruet
834 5284 926 5346 1668.,
953 5281 1046 5345 totu
1082 5279 1168 5332 ltdltt.
1185 5279 1308 5329 recent:
