4748 6108
353 151 427 228 927
719 99 724 116 ’
934 145 1808 250 ea1u.t1ao.sca1rrarnuooootea.

358 325 432 400 700
454 315 627 392 Estenim
643 313 733 388 haee
749 317 942 388 domestica
959 326 1196 400 commoratio
1215 330 1343 425 turpis,
1395 333 1470 408 735
1499 342 1592 412 Fum.
1616 313 1732 418 Video
1808 347 1816 366 ⁸

408 425 508 499 Alios
537 437 719 514 pugnare,
755 418 845 492 alios
887 435 1036 515 propter
1069 441 1205 504 metum
1244 435 1344 504 domi

773 547 932 596 manere·
1441 543 1504 612 lul.
1529 542 1598 614 Sed
1613 559 1652 618 tu
1665 545 1734 621 hoc
1750 553 1862 644 dices,
1883 511 2030 656 quando
2045 595 2102 645 me
2113 576 2160 649 iffi

409 633 507 706 clem.
530 625 653 698 Tuum
673 623 835 696 animum
850 629 1012 698 nondum
1028 632 1155 704 sternit
1170 647 1328 731 tempus;
1443 647 1536 718 ram.
1570 647 1666 740 Quid
1691 653 1822 730 videbo
1844 673 1879 732 te

406 735 475 806 Sed
489 745 571 803 tuus
588 727 729 798 animus
745 729 859 820 viget,
879 753 1008 823 corpus
1024 736 1227 810 evanidam.

386 805 389 810 Ι
407 835 506 930 Quid
520 833 650 904 frustra
668 829 835 900 laboras?
857 855 948 925 quae
963 835 1028 904 tibi
1045 841 1239 926 nocebunt,

357 937 432 1015 705
453 937 502 1010 Et
515 958 644 1030 parurn
661 931 837 1003 iuvabunt
850 948 1009 1006 nostram
1027 939 1205 1012 civitatem
1218 971 1226 1024 ;

407 1044 562 1136 Oportet
581 1047 616 1105 te
637 1048 787 1128 propter
810 1049 963 1108 aetatem
980 1053 1080 1112 tuam
1102 1069 1253 1138 expensa
1274 1047 1340 1116 im·
1445 1059 1537 1130 Fam.
1557 1058 1597 1130 si

574 1137 768 1208 becillitate
784 1151 925 1210 mutare
941 1143 1128 1218 consilium
1143 1151 1340 1242 pugnandi,
1802 1173 1841 1244 in
1856 1187 2019 1275 ternpore
2034 1195 2225 1276 veniamus.

352 1231 355 1238 .
406 1247 452 1318 Et
470 1241 633 1314 omittere
652 1240 712 1310 illa
730 1239 964 1334 impossibilia
976 1275 985 1328 ;
999 1272 1074 1317 non
1090 1263 1142 1322 est
1158 1252 1340 1346 possibile,
1393 1255 1467 1328 740
1489 1262 1551 1333 lul.
1569 1261 1687 1351 Proh,
1707 1272 1868 1364 utinam,
1889 1307 1912 1352 o
1934 1313 2054 1362 meum
2075 1297 2269 1395 brachium,
2289 1319 2338 1386 ute

403 1348 455 1420 Ut
469 1367 656 1438 recuperes
670 1345 790 1416 denuo
806 1369 949 1418 rursum
966 1350 1198 1428 iuventutern.
1802 1403 1911 1471 ems,
1933 1395 2038 1484 quale
2054 1411 2090 1469 te
2105 1407 2285 1494 pubescens

403 1454 478 1525 Alc.
519 1445 616 1541 Quid
635 1447 794 1518 facturus
817 1472 872 1534 es,
917 1475 996 1524 cum
1027 1479 1102 1526 non
1132 1459 1179 1530 sis
1209 1459 1339 1530 mentis
1442 1461 1673 1542 Meminimus
1687 1498 1772 1562 nos,
1797 1492 1943 1578 quando
1957 1519 2038 1568 cum
2055 1501 2209 1582 Hercule

762 1552 937 1643 compos?
1440 1564 1607 1657 Spartam
1622 1587 1850 1672 expugnasti,
1872 1591 1920 1663 sis
1935 1593 2025 1669 mihi
2039 1607 2126 1680 talis
2142 1615 2268 1690 socius:

352 1659 426 1729 710
440 1653 503 1725 Vis
522 1676 580 1722 me
595 1651 798 1747 relinquere
815 1656 989 1726 desertam
1004 1681 1084 1728 curn
1101 1659 1176 1734 istis
1193 1663 1337 1754 pueris?
1439 1665 1486 1736 Et
1501 1675 1635 1762 possim
1653 1681 1790 1756 efficere
1804 1690 1926 1783 sugam
1942 1696 2155 1799 Eurysthei,

401 1761 462 1832 101.
511 1753 682 1824 Virorum
718 1767 770 1825 est
806 1781 944 1850 pugna3
989 1772 1091 1832 tuum
1126 1777 1179 1836 est
1211 1789 1334 1836 curare
1440 1770 1532 1862 Quia
1551 1779 1627 1847 esti

2173 586 2295 668 videbis.

1908 666 2120 749 facientem?
2147 687 2288 778 optaicm
2310 715 2335 772 te

1807 763 1929 840 videre
1944 773 2092 849 feliciter
2107 807 2306 879 pugnantem.

1405 917 1407 924 ,
1442 849 1505 918 Iol.
1542 848 1743 930 Ferientem
1774 864 1931 962 aliquem
1953 899 1997 946 ex
2027 875 2183 964 hostibus
2211 921 2267 989 per
2285 907 2337 999 cly-

1803 993 1923 1060 peum.

1619 1060 1763 1154 quidem
1785 1075 1965 1161 veniarum
1989 1077 2058 1157 hoc
2080 1105 2215 1184 metuo,
2233 1129 2337 1180 nenon

1629 1805 1765 1872 gnavus
1781 1793 1827 1862 ad
1843 1796 2091 1882 dimicandum
2112 1816 2152 1886 in
2171 1828 2295 1913 proelio.

765 1883 908 1950 pueros.
1388 1867 1463 1942 745
1488 1876 1636 1960 „Etiam
1662 1881 1732 1958 hoc
1752 1895 1845 1966 male
1866 1899 2048 1996 sehabet,
2071 1925 2178 2012 quod
2195 1925 2231 1996 1„
2245 1931 2334 2000 gisffis

400 1965 476 2038 Alo.
500 1959 596 2053 Quid
612 1961 640 2030 si
658 1959 843 2046 morieris,
858 1966 1042 2058 quomodo
1059 1991 1124 2058 ego
1140 1971 1334 2041 servabor?
1799 1995 1808 2014 ·

398 2070 461 2140 Iol.
493 2063 670 2135 Omnibus
700 2064 849 2160 reliquis
877 2068 945 2138 erit
976 2093 1061 2140 cura
1089 2071 1133 2140 de
1165 2083 1227 2142 tuo
1259 2077 1332 2146 filio
1437 2079 1660 2185 „Opinio⁸⁹)
1681 2092 1919 2186 fortitudinis;
1944 2126 2120 2202 putamus
2136 2129 2230 2202 enim

760 2167 882 2262 Hyl¹⁰·
1438 2181 1623 2264 „Divitem
1641 2195 1762 2268 omnia
1779 2202 1871 2278 bene
1888 2209 1988 2286 scire.

400 2273 476 2342 Alo.
500 2267 538 2339 Si
555 2280 672 2338 autem
690 2267 806 2365 (quod
821 2295 896 2340 non
909 2269 987 2365 fiat)
1004 2272 1198 2364 peribunt?

350 2373 425 2446 715
450 2372 511 2444 lot.
535 2368 595 2441 lsti
611 2367 770 2464 hospites
786 2397 861 2442 non
875 2375 1031 2466 prodent
1044 2388 1098 2459 te,
1121 2401 1167 2447 ne
1184 2393 1331 2454 metuas.
1727 2362 1944 2468 [Sirvplte
1958 2361 2032 2488 Ι1.]
2088 2467 2091 2474 Ι

399 2478 475 2548 Alo.
495 2473 573 2543 Hoc
588 2485 727 2545 tantum
745 2471 860 2548 habeo
875 2476 1045 2561 fiduciae,
1066 2479 1162 2551 aliud
1178 2479 1281 2556 nihil.
1437 2490 1534 2560 Odor.
1551 2489 1584 2561 Ο
1600 2507 1707 2585 terra,
1724 2527 1746 2572 o
1761 2505 1844 2580 luna

398 2581 461 2650 Iol.
482 2575 529 2646 Et
541 2574 637 2662 Iovi,
661 2577 753 2664 scio,
776 2591 860 2651 sunt
878 2603 984 2650 curae
1001 2580 1054 2650 tui
1070 2581 1222 2658 labores.
1434 2587 1480 2658 Et
1495 2594 1702 2684 splendores
1716 2608 1813 2696 solis,

394 2683 471 2752 ate.
489 2675 601 2750 Proh.
1385 2686 1461 2760 750
1482 2691 1657 2773 Lucentes
1670 2701 1888 2803 hominibus,

394 2781 472 2874 Ego
487 2807 563 2852 ,nou
579 2783 790 2858 maledicam
808 2782 897 2854 lovi.
1435 2795 1570 2870 Afferes
1587 2801 1675 2874 mihi
1692 2817 1871 2907 numium,
1910 2855 1912 2862 ,

396 2883 475 2977 lpse
489 2884 610 2966 novit,
632 2883 769 2959 iustene
787 2897 869 2974 agat
884 2909 1036 2960 mecum.
1434 2896 1481 2968 Et
1494 2917 1619 2976 sonate
1634 2934 1746 3008 usque
1761 2925 1806 2990 ad
1820 2929 1972 3016 coelum,

346 2988 420 3064 720
442 2990 536 3059 Fam.
560 2983 636 3054 lam
653 2984 752 3056 vides
769 2999 1011 3071 armaturam
1433 2999 1538 3073 Eted
1551 3011 1670 3082 sedem
1688 3021 1836 3111 regiam,

395 3091 465 3162 Sed
481 3112 557 3158 non
573 3088 658 3162 satis
674 3088 744 3160 cito
759 3102 860 3182 potes
874 3103 992 3184 tegere
1009 3118 1138 3188 corpus
1155 3091 1265 3180 hisce,
1434 3100 1474 3172 ln
1489 3113 1624 3202 templo
1639 3118 1783 3208 glaucae
1801 3129 1997 3212 Minervae.

325 3165 328 3173 Ι
394 3194 489 3287 Quia
508 3215 628 3284 pugna
644 3216 757 3286 prope
773 3206 844 3277 est,
867 3207 903 3264 et
917 3198 1071 3269 maxime
1088 3198 1188 3271 Mars
1203 3200 1279 3272 odit
1383 3200 1457 3277 755
1481 3207 1678 3288 Discutiam
1694 3228 1892 3314 periculum
1909 3263 1998 3314 cano
2013 3249 2121 3324 ferm

396 3296 651 3378 Cunctantem
674 3296 704 3369 si
719 3297 848 3368 metuis
864 3301 1005 3389 pondus
1019 3325 1218 3388 armorum,
1431 3309 1575 3385 Patriae
1592 3332 1721 3418 teme,

391 3400 497 3472 Nunc
513 3399 659 3494 quidem
673 3399 763 3470 vade
779 3403 913 3482 nudus;
935 3403 974 3470 in
990 3405 1145 3475 exercitu
1162 3418 1281 3476 autern
1431 3411 1485 3482 De
1500 3419 1587 3490 meis
1605 3425 1763 3514 aedibus,

344 3498 418 3578 725
442 3501 590 3592 Tegaris
604 3499 660 3574 his
676 3502 805 3586 armis,
831 3525 895 3594 ego
912 3507 1064 3594 portabo
1083 3531 1252 3603 eousque,
1431 3516 1626 3615 Postquam
1642 3533 1761 3626 accepi
1776 3541 1962 3632 supppjoes·

391 3608 453 3678 iol.
506 3603 616 3676 Recte
665 3605 806 3688 dixisti,
853 3627 977 3677 verum
1020 3607 1110 3680 mihi
1159 3625 1325 3705 prompta

755 3709 934 3805 usnemu)
1673 3695 1983 3804 [Antiatropdc
2016 3721 2077 3824 1.]

391 3810 503 3880 Arma
521 3809 658 3901 posita,
682 3809 799 3880 insere
813 3812 938 3880 manui
951 3808 1103 3898 hastam,
1429 3820 1580 3898 Difficile
1599 3846 1671 3918 est,
1694 3841 1819 3912 urbem
1837 3859 2010 3944 tanquam
2026 3859 2223 3956 Mycenas

391 3913 438 3984 Et
463 3913 605 3984 laevum
637 3913 758 3982 attolle
789 3913 969 3999 cubitum,
1018 3915 1174 4008 dirigens
1206 3941 1325 4022 meum
1380 3923 1455 3995 760
1477 3926 1684 4007 Florentem
1701 3954 1736 4012 et
1750 3948 1978 4026 excellentem

753 4039 924 4106 gressum.
1427 4029 1456 4096 F
1459 4031 1653 4110 ortitudine
1673 4045 1726 4114 rei
1741 4048 1920 4142 militaris,

254 4177 260 4194 .
389 4123 484 4191 Fam.
514 4115 610 4190 Num
635 4141 725 4210 opus
752 4131 804 4189 est
826 4120 955 4190 ducere
977 4133 1150 4215 tanquam
1171 4145 1324 4214 puerum
1428 4129 1618 4209 Occultare
1643 4143 1733 4216 iram

748 4221 927 4294 militem?
1785 4258 1907 4353 meff).

339 4323 413 4395 730
432 4323 495 4395 Iol.
519 4320 675 4414 Propter
691 4346 798 4394 omen
813 4325 1050 4396 incedendum
1068 4338 1120 4397 est
1136 4334 1231 4399 tuto.
1425 4335 1561 4410 Malum
1581 4357 1651 4430 est,
1676 4373 1697 4417 o
1713 4352 1855 4446 civitas,
1880 4363 1911 4432 si
1929 4367 2113 4449 dedemus

387 4430 481 4498 Fam.
503 4424 654 4496 Utinam
671 4425 719 4495 ita
736 4452 857 4521 posses
872 4431 1009 4513 facere,
1027 4442 1068 4499 ut
1085 4453 1122 4501 cs
1137 4430 1298 4522 cupidus.
1426 4437 1609 4534 Supplices
1625 4443 1793 4546 hospites,

388 4531 450 4600 tot.
473 4527 654 4622 Propera,
679 4529 794 4601 tristia
818 4532 936 4624 patiar
945 4585 964 4616 ‚.
979 4531 1009 4601 si
1024 4556 1098 4603 non
1122 4557 1321 4625 pervenero
1375 4536 1450 4610 765
1470 4541 1516 4614 Et
1532 4546 1648 4642 Argos
1666 4569 1717 4625 est
1732 4583 1832 4632 reum
1850 4570 1977 4642 caedis.

748 4635 793 4702 ad
810 4657 981 4727 pugnam.
1424 4641 1558 4737 iupiter
1574 4669 1626 4724 est
1641 4655 1730 4728 milri
1748 4668 1882 4752 socius,
1907 4697 1980 4742 non
1998 4697 2154 4758 metuo.

384 4735 479 4804 Fam.
521 4731 581 4804 'lu
600 4736 796 4820 cunctaris,
830 4749 867 4808 et
895 4759 960 4830 ego
985 4735 1112 4807 videor
1140 4737 1208 4808 tibi
1229 4735 1321 4810 nihil
1375 4840 1387 4846 Ἰ

704 4875 708 4882 -
741 4861 858 4930 agere.

386 4937 448 5010 nt.
467 4931 526 5006 An
542 4957 618 5005 non
635 4937 744 5024 vides,
762 4943 945 5036 quomodo
960 4941 1102 5013 festinet
1118 4969 1217 5016 meus
1233 4944 1318 5036 pes?
1405 4949 1582 5074 whihbii.
1593 4955 1804 5082 mahtin·
1818 4961 1969 5034 dossum)
1983 4977 2081 5038 111111.
2100 4985 2187 5042 rose.
2208 4995 2238 5043 et
2257 4991 2365 5045 rmus.

1403 5105 1454 5164 40)
1473 5106 1585 5175 optutu]
1603 5111 1652 5162 aa.
1672 5113 1746 5166 tosa.
1764 5121 1862 5172 mondo
1881 5127 2010 5193 typogr.:
2041 5135 2188 5199 οριῃῑω,
2207 5171 2247 5186 ..
2265 5147 2335 5200 ιιι,
2357 5143 2371 5183 ·.

1438 5175 1523 5228 natet.
1543 5179 1631 5244 1550,
1651 5183 1727 5234 11160.
1746 5190 1813 5238 trote
1829 5203 1934 5256 nug:
1953 5199 2061 5262 optato
2082 5208 2124 5259 de
2143 5213 2296 5268 atratinus.

1402 5258 1452 5316 oo)
1470 5261 1609 5314 adversus
1634 5265 1723 5329 lpum
1748 5272 1851 5326 terram
1875 5282 1974 5332 contra
2000 5286 2079 5356 ιη]
2110 5295 2159 5345 210
2189 5301 2282 5354 narn,
2303 5297 2368 5352 sus.

367 5305 416 5366 11)
433 5303 543 5372 tenena]
569 5303 612 5358 aio
636 5311 683 5368 (a
700 5307 797 5372 aum.
813 5304 899 5375 ἔχων)
925 5309 1008 5362 utto.
1032 5311 1106 5363 1518.
1131 5315 1160 5362 et
1181 5320 1316 5384 reeentt.;

1439 5329 1512 5380 tosa.
1538 5333 1602 5392 (Ed.
1629 5335 1714 5387 Basti.
1741 5341 1817 5393 111111.
1840 5339 1890 5412 tut
1912 5347 2034 5416 100le
2071 5361 2170 5418 natet,

402 5374 452 5430 tto.
472 5375 548 5426 tosa.
566 5377 655 5430 tanea.
1435 5395 1520 5460 χθονὶ
1537 5427 1571 5438 -
1589 5402 1726 5456 adversus
1744 5421 1831 5462 noem
1848 5419 1962 5479 terrem.

1849 2565 1859 2596 ,
1874 2540 1939 2606 per
1955 2533 2070 2600 totam
2087 2551 2235 2611 noctem
2248 2543 2355 2624 lucens,

1388 4841 1589 4856 -Μ
