4738 6090
290 173 370 250 315
796 235 801 245 .
875 173 1000 248 Pfltt..
1033 173 1148 248 Mol..
1181 171 1389 248 SCRIPTA
1420 171 1761 249 PHILOLOGICA.
1788 231 1816 253 ..
2254 188 2314 263 ste

287 345 364 422 755
391 347 531 439 Corpus
548 346 776 416 involventes
797 347 969 418 nuntiant
983 342 1086 419 mibi.
1344 347 1421 419 770
1447 351 1528 418 Hee.
1563 343 1605 416 In
1635 341 1730 421 hanc
1762 344 1969 437 regionem,
2010 349 2073 420 ubi
2101 350 2253 430 inventus
2275 375 2314 431 est

338 456 420 524 Heo.
447 447 574 520 Infelix
589 449 663 546 (me
681 449 797 540 ipsam
818 451 913 520 enim
929 451 1011 520 dico
1028 451 1150 522 dicens
1166 451 1220 546 te)
1763 462 1941 523 mortuus.
2211 524 2215 533 ,

338 555 505 638 Hecuba,
555 553 641 648 quid
673 551 828 622 luciam?
878 567 1000 625 utrum
1028 555 1217 647 procidam
1246 555 1292 624 ad
1343 592 1346 601 ·
1396 555 1519 644 Apum
1545 549 1601 621 Ad
1626 551 1765 636 virum,
1808 552 1952 646 quires
1974 567 2026 623 est
2049 549 2153 628 huius
2175 557 2316 653 Polyme-

327 720 333 732 ,
708 679 823 746 genua
949 714 953 724 .
1761 667 1896 732 storsm
1914 655 2056 728 terrae?
2186 726 2189 735 ,

337 760 639 851 Agamemnonis,
665 771 728 828 ant
741 758 854 828 leram
872 759 979 829 tacite
996 757 1116 828 mala?
1355 821 1360 832 .
1394 761 1477 830 Hae.
1501 757 1580 828 Huc
1597 759 1723 832 missus
1743 770 1797 830 est
1812 759 2032 830 acerbissimi
2048 760 2127 832 auri
2142 773 2260 836 custos.

338 869 463 955 Apum.
491 857 694 956 Quidmihi
719 860 909 932 infaciem
935 875 1076 953 tergum
1100 862 1290 934 obvertens
1394 867 1518 955 Apum.
1552 861 1710 934 Moritur
1739 881 1826 930 vero
1860 885 1886 936 a*
1913 861 2013 956 quoi
2054 877 2089 936 et
2110 867 2205 960 quod
2228 891 2319 958 genus

705 975 809 1033 tuum
1767 964 1896 1036 mortis
1912 980 2121 1039 consecutus
2136 967 2208 1038 est?

287 1065 364 1140 740
390 1067 542 1140 Floras?
582 1068 680 1164 quod
704 1079 824 1136 actum
847 1079 901 1138 est
925 1090 1033 1151 vero,
1072 1091 1149 1140 non
1179 1066 1292 1142 dicis?
1395 1069 1478 1140 Her.
1503 1065 1674 1160 Quonam
1691 1067 1738 1138 ab
1756 1065 1853 1136 alio?
1899 1063 2077 1148 Thracius
2092 1071 2207 1164 ipsum
2222 1071 2319 1166 perdi-

707 1169 787 1264 quis
803 1183 857 1242 est
871 1165 955 1240 hic?
1764 1169 1817 1238 dit
1833 1165 1976 1262 hospes.

336 1277 417 1346 lieo.
442 1273 511 1344 Sed
530 1273 561 1344 si
574 1298 631 1344 me
647 1297 796 1344 servam
805 1269 1019 1368 hostemque
1037 1275 1172 1348 ducens
1345 1269 1421 1344 775
1447 1279 1570 1365 Apum.
1596 1270 1786 1344 Oinlelixl
1809 1292 1986 1346 numnam
2001 1289 2189 1366 argentum
2207 1277 2320 1347 amavit

337 1383 371 1446 A
384 1377 535 1470 g'enibus
547 1377 748 1469 repelleret,
766 1377 929 1448 dolorem
944 1401 1131 1470 possemus
1148 1378 1291 1448 addere.
1765 1375 1952 1466 accipere?

316 1479 460 1572 'Apum
486 1479 572 1552 Non
586 1505 667 1551 sum
684 1492 804 1564 vates,
831 1493 872 1551 ut
888 1505 964 1550 non
981 1479 1134 1552 audiens
1393 1481 1475 1550 flea.
1502 1475 1607 1548 Talia
1623 1489 1720 1561 sunt,
1745 1489 1939 1571 postquam
1954 1480 2194 1554 calamitatem
2212 1505 2321 1574 cogno-

336 1585 477 1656 Possim
495 1583 711 1675 investigare
728 1596 877 1654 tuorum
890 1583 987 1652 viam
1005 1585 1252 1655 consiliorum.
1762 1579 1814 1648 vit
1829 1579 2091 1658 Troianorum.

285 1687 363 1765 745
388 1691 471 1763 Hoc.
496 1687 555 1756 An
570 1687 772 1756 ratiocinor
787 1687 934 1782 quidem
951 1689 998 1758 ad
1011 1687 1069 1772 id,
1101 1689 1200 1784 qnod
1222 1685 1291 1758 ini-
1394 1686 1516 1775 Apsus.
1544 1679 1715 1756 Invenisti
1732 1705 1817 1753 vero
1835 1685 1896 1754 ubi
1913 1685 2052 1777 ipsum,
2078 1712 2126 1760 an
2150 1686 2227 1784 qn'is
2247 1699 2320 1758 attu-

623 1815 625 1820 ·
701 1789 836 1860 micum
859 1802 930 1876 est,
1752 1785 1794 1854 lit
1814 1788 2024 1859 mortuum?

333 1895 451 1988 Magis
474 1905 654 1979 mentem,
688 1894 768 1986 ipso
793 1893 963 1965 existente
985 1893 1197 1989 neutiquam
1220 1893 1290 1963 ini-
1393 1893 1475 1961 Hoc.
1501 1889 1599 1960 Haec
1617 1890 1778 1961 incidens
1792 1889 1830 1958 in
1848 1913 1930 1962 enm
1948 1892 2093 1964 marino
2111 1892 2149 1962 in
2167 1890 2286 1961 littore.

711 1995 833 2067 orico?
1383 1997 1517 2086 sm
1541 1993 1648 2066 Hunc
1664 1992 1864 2092 quaerens?
1897 2019 1954 2072 an,
1967 1996 2141 2072 laborans
2160 1995 2262 2070 alium
2281 1993 2322 2064 la-

335 2105 458 2194 Appm.
493 2100 531 2171 Si
564 2101 710 2195 quidem
738 2125 798 2170 me
829 2101 883 2172 ris
914 2096 1046 2172 harum
1075 2097 1167 2172 nihil
1197 2099 1289 2174 scire
1755 2096 1910 2168 horem?

697 2227 842 2288 rerum,
1342 2197 1419 2272 700
1442 2205 1524 2273 Hee.
1549 2199 1692 2296 Aquam
1716 2200 1854 2272 abierat
1877 2201 2031 2272 allatura
2059 2215 2104 2276 ei
2127 2201 2212 2272 mari
2230 2199 2322 2290 Poly·

334 2309 391 2379 Ad
408 2306 633 2378 idemvenis.
672 2305 817 2376 Etenim
831 2331 899 2378 nec
915 2333 981 2401 ego
998 2308 1123 2380 audire
1140 2308 1241 2386 vole.
1531 2395 1535 2407 ι
1762 2327 1888 2376 zenae.

333 2417 414 2485 Hoc.
442 2411 547 2482 Haud
567 2434 713 2504 possum
731 2412 865 2505 absque
883 2406 953 2482 hoc
967 2437 1025 2482 me
1041 2412 1165 2485 ulcisci
1393 2413 1518 2498 Apum.
1543 2404 1634 2478 Cum
1658 2405 1911 2504 interfecisset,
1948 2423 1987 2479 ut
2010 2423 2179 2504 apparet,
2208 2397 2319 2474 obiecit

253 2561 254 2570 κ
283 2512 361 2589 750
385 2515 439 2585 De
455 2515 578 2585 liberis
594 2513 701 2594 meis;
728 2514 817 2609 quid
833 2515 941 2586 volvo
956 2511 1068 2588 baec?
1125 2507 1130 2517 ’
1765 2507 1906 2604 hospes.

335 2619 511 2706 „Audere
524 2642 667 2690 necesse
683 2629 755 2702 est,
779 2617 856 2689 sive
873 2641 1096 2716 consequar,
1119 2617 1196 2690 sive
1210 2639 1288 2688 non
1391 2612 1475 2690 ttae.
1500 2611 1530 2682 F
1530 2613 1775 2686 luctuatnrum
1793 2613 1833 2684 in
1847 2613 1940 2684 mari
1955 2613 2086 2712 utique
2102 2615 2152 2692 sic
2167 2613 2321 2687 dissecans
2342 2701 2344 2710 Ι

700 2745 913 2816 consequar.
1456 2783 1460 2796 ,
1762 2741 1903 2811 corpus.

332 2824 605 2918 Agamemnon,
638 2825 803 2918 supplico
820 2825 885 2894 tibi
901 2849 966 2918 per
980 2821 1070 2895 baec
1085 2849 1223 2918 genua,
1391 2823 1515 2912 Apum.
1549 2817 1583 2890 Ο
1616 2819 1745 2890 misera
1776 2835 1816 2892 tn
1844 2831 1994 2914 propter
2026 2821 2221 2892 immensas
2247 2815 2323 2886 cale·

331 2929 380 3000 Et
394 2942 493 3000 tuam
510 2929 661 2999 barbam
679 2931 915 3025 dextramque
930 2929 1085 3000 felicem.
1759 2923 1916 2996 mitates!

330 3039 454 3125 Apum.
482 3031 694 3127 Quamnam
714 3032 914 3128 quaerens?
940 3046 1064 3108 utrum
1079 3032 1232 3110 lihmm
1387 3027 1469 3098 Ideo.
1497 3025 1609 3113 Perii,
1635 3041 1668 3098 et
1689 3023 1782 3100 nihil
1797 3029 1975 3124 reliquum
1993 3039 2063 3114 est,
2078 3027 2323 3123 Agamemnon,

280 3133 357 3210 755
384 3135 506 3206 Vitam
524 3137 714 3233 conseqni;
740 3138 843 3208 facile
860 3137 957 3208 enim
974 3151 1026 3212 est
1043 3137 1121 3211 tibi.
1750 3134 1943 3204 malorum.

330 3245 411 3314 Heu.
438 3239 634 3312 Nonsane.
676 3239 824 3325 „Malos
838 3243 1013 3316 ulciscens
1338 3230 1415 3306 785
1441 3241 1564 3330 Apum.
1598 3231 1657 3306 Ah
1683 3231 1747 3306 alr!
1801 3235 1904 3330 Quae
1935 3235 1985 3307 ita
2013 3235 2145 3310 infelix
2176 3245 2258 3308 nata
2284 3239 2322 3301 esl

331 3343 485 3431 „Vitam
499 3344 705 3416 universam
722 3345 857 3414 servire
874 3345 973 3418 volo.
1748 3337 1906 3410 mulier?

331 3455 455 3540 Apum.
482 3445 528 3516 Et
542 3471 628 3517 sane
647 3445 736 3540 quid
751 3471 818 3516 nos
835 3446 875 3516 in
890 3449 1062 3519 auxilium
1079 3447 1210 3520 vocas?
1387 3444 1471 3513 Her.
1497 3442 1582 3514 Non
1598 3455 1671 3528 est,
1697 3442 2031 3526 nisiinfelicitatem
2049 3446 2170 3541 ipsam
2186 3447 2314 3518 diceres.

301 3565 307 3582 ⁸
329 3557 412 3624 Hes.
441 3545 540 3622 Nihil
554 3545 708 3630 horum,
735 3573 828 3644 quae
845 3557 888 3620 tu
900 3565 1026 3643 pertas,
1054 3577 1076 3621 ο
1092 3575 1167 3624 rex.
1386 3543 1622 3640 Sedpropter
1638 3570 1727 3642 quas
1742 3571 1867 3619 causas
1881 3547 1974 3618 circa
1991 3561 2100 3622 tuum
2119 3553 2209 3621 cado
2233 3569 2323 3644 genu.

279 3655 357 3728 760
383 3653 493 3726 Vides
518 3653 671 3722 cadaver
690 3646 780 3737 hoc,
821 3667 972 3746 propter
1005 3657 1105 3750 qnod
1134 3654 1281 3727 effundo
1385 3647 1494 3740 Audi.
1548 3651 1585 3722 Si
1604 3651 1749 3746 quidem
1767 3653 1858 3722 iusta
1876 3651 1943 3722 tibi
1960 3653 2039 3745 pati
2056 3655 2204 3740 videar,

697 3751 925 3851 lachrymas?
1248 3765 1250 3770 ’
1385 3754 1484 3824 Boni
1497 3750 1703 3836 'consulam
1725 3755 1755 3828 si
1771 3779 1857 3826 vero
1873 3758 2117 3844 contrarium,
2137 3771 2177 3828 tu
2194 3747 2323 3827 mihist

330 3865 453 3956 Apum.
477 3857 611 3942 Video;
638 3861 701 3930 sed
714 3860 877 3930 staturum
894 3883 970 3930 non
986 3881 1133 3952 possum
1147 3861 1249 3934 scire.
1335 3856 1411 3930 790
1437 3859 1545 3928 Ultor
1562 3857 1651 3945 viri,
1677 3859 1943 3952 impientissimi
1961 3855 2142 3954 hospitis,

306 3961 409 4037 ‘Hem
436 3961 542 4034 Hunc
555 3963 644 4034 olim
661 3961 786 4056 peperi
803 3975 839 4033 et
857 3965 1002 4055 portavi
1016 3965 1083 4034 sub
1098 3963 1255 4058 cingulo.
1386 3961 1462 4056 Qui
1474 3985 1592 4058 neque
1608 3986 1688 4050 eos,
1716 3963 1779 4058 qui
1794 3965 1861 4034 sub
1876 3976 1972 4034 terra
1996 3977 2105 4051 sunt,
2131 3987 2248 4060 neque
2268 3979 2325 4038 eos,

329 4072 452 4161 Apum.
478 4065 645 4139 Estvero
663 4065 841 4162 quispiam
859 4063 935 4152 hic,
970 4093 992 4138 o
1015 4067 1167 4153 misera,
1200 4079 1280 4140 too·
1750 4068 1812 4162 qni
1835 4091 1964 4160 supra,

692 4193 775 4240 rum
793 4168 1017 4240 liberorum?
1260 4202 1267 4214 ¹
1383 4165 1550 4252 Veritus,
1574 4172 1795 4262 perpetravit
1809 4171 1948 4242 lacinus
1965 4168 2301 4262 impientissimum:

328 4277 411 4345 Her.
438 4271 523 4344 Non
547 4297 590 4342 ex
616 4273 708 4355 illis,
749 4271 813 4366 qui
841 4273 978 4343 mortui
1008 4284 1092 4344 sunt
1108 4263 1166 4343 'ex
1197 4275 1279 4345 filiis
1384 4271 1580 4341 Communi
1594 4297 1718 4346 mensa
1730 4298 1836 4368 saepe
1853 4274 1973 4368 potius
1987 4297 2163 4362 mecum,

595 4423 598 4430 -
695 4373 834 4444 Priami
850 4377 915 4448 sub
930 4373 1009 4447 llio.
1381 4373 1717 4473 Hospitalitatisque
1732 4402 1923 4448 numerum
1941 4376 2110 4470 primum
2126 4377 2223 4450 inter
2245 4389 2327 4446 meos

278 4473 353 4551 765
378 4483 502 4571 Apum
528 4477 633 4547 Anne
649 4475 806 4572 aliquem
824 4479 933 4551 alium
952 4477 1142 4572 peperisti,
1168 4505 1277 4576 quarn
1364 4497 1371 4506 '
1755 4482 1889 4552 amicos

695 4579 797 4666 illos,
823 4607 844 4650 o
860 4580 1014 4654 mulier?
1331 4575 1409 4653 705
1436 4580 1657 4655 Consecutus
1674 4607 1780 4668 vero,
1804 4607 1895 4678 quae
1910 4581 2179 4673 conveniebat,
2206 4597 2241 4656 et
2255 4573 2329 4651 acti·

326 4687 409 4756 Ηεε.
435 4681 614 4754 Inutiliter
628 4683 788 4780 quidem,
806 4698 847 4756 ut
862 4697 1024 4780 apparet,
1044 4679 1153 4772 hunc,
1169 4711 1276 4782 quern
1749 4687 1852 4778 piens
1869 4683 2066 4756 consilium

690 4789 854 4880 adspicis.
1380 4783 1580 4871 interfecit,
1623 4812 1665 4858 ac
1696 4788 1879 4880 sepultura
1910 4786 1958 4884 (si
1989 4791 2164 4862 occidere
2195 4785 2329 4862 omnino

327 4895 450 4981 Apum.
478 4889 552 4960 Ubi
574 4911 661 4961 vero
685 4892 838 4987 existens
854 4891 1103 4983 contingebat,
1129 4890 1276 4984 quoodo
1746 4891 1879 4990 voluit)

695 4995 839 5086 peribat
858 4992 970 5064 urbs?
1379 4991 1463 5062 Non
1478 4991 1645 5086 dignatus
1662 5005 1734 5078 cst,
1759 4997 1821 5066 sed
1837 4995 1967 5066 abiecit
1980 4995 2189 5070 marinum.

315 5097 409 5164 Hoc.
434 5093 544 5164 Pater
564 5093 682 5188 ipsum
703 5093 884 5187 ablegavit
904 5108 1087 5178 metuens,
1127 5119 1175 5166 ne
1198 5119 1278 5166 mo·
1380 5093 1457 5167 Nos
1473 5095 1619 5190 quidem
1636 5095 1746 5188 igitur
1763 5123 1889 5171 servae
1905 5111 1941 5169 et
1955 5095 2161 5176 imbecilles
2177 5125 2278 5184 sanc,

685 5212 838 5270 reretur.
1382 5198 1482 5282 „Sed
1497 5197 1559 5268 Dii
1572 5200 1682 5270 validi
1699 5215 1802 5287 sunt,
1828 5215 1864 5272 et
1880 5201 1950 5272 illis
1965 5201 2171 5277 dominans

322 5302 446 5390 Apum
488 5299 658 5396 Quonam
706 5299 934 5373 existentium
971 5313 1059 5372 tnnc
1091 5315 1277 5396 separatus
1330 5303 1408 5375 800
1435 5300 1551 5386 ‚,Lex.
1600 5299 1701 5376 quta
1718 5305 1813 5397 leges
1828 5305 1924 5378 enim
1938 5303 2039 5378 Deos
2057 5331 2267 5390 censemus,

688 5403 887 5476 liberorum
903 5401 1046 5475 solum?
1382 5459 1404 5490 ‚,
1413 5404 1460 5476 Et
1476 5405 1630 5476 vivimus
1647 5405 1787 5480 iniustis
1803 5421 1838 5480 ct
1852 5408 1953 5481 iustis
1967 5409 2147 5486 delinitis.
