4748 6108
132 1233 291 1323 nxrx.
366 1233 542 1322 rain.
588 1231 749 1324 nnn.
786 1165 1372 1320 rnrnnranrnrro
1410 1227 1982 1326 nnuacnmnnolr

6 1411 7 1424 ψ
866 1375 1247 1469 nuarruus,
1300 1415 1311 1438 ·

5 1595 7 1644 i
61 1590 158 1710 llutos
183 1651 355 1731 tragoediae
379 1651 584 1728 interpretatio
604 1651 696 1710 iatine
714 1647 910 1710 Melanthonis
930 1649 1079 1709 invenitur
1100 1648 1130 1706 in
1155 1643 1336 1730 Xylnnrlrs'
1354 1645 1445 1709 Editt.
1462 1643 1573 1726 itte,
1596 1644 1708 1726 1562,
1729 1649 1901 1730 quibuscum
1922 1647 2074 1708 Editiones

62 1737 215 1798 mutieres
234 1731 417 1812 Borestis',
439 1731 643 1813 Masgruvir'
662 1746 694 1796 et
714 1731 818 1794 Fris-te·
837 1735 957 1794 contuli.
979 1761 1021 1778 —
1043 1733 1189 1794 Vennum
1211 1751 1364 1810 numeros,
1385 1733 1570 1814 stropharum
1591 1737 1765 1814 partitiones
1788 1746 1819 1796 et
1839 1735 1911 1796 alias
1931 1733 2071 1814 quasdam

61 1821 240 1902 inoiptiones
264 1841 305 1884 ex
326 1822 383 1884 llo.
405 1821 528 1882 Beroen
550 1821 691 1902 adsmipsi
712 1821 823 1882 uncinis
844 1820 981 1881 inclusas.

700 2239 1002 2318 EURIPIDIS
1038 2235 1419 2313 IIEIIACLIDAE.

579 2378 802 2442 rainirro
829 2369 1164 2440 nunaurnonm
1198 2369 1523 2452 tarataram

1083 2525 1191 2612 abiit,
1213 2527 1346 2599 bellum
1367 2529 1522 2604 minans.
1573 2527 1818 2624 Demophoon
1841 2542 1960 2602 autem
1982 2525 2072 2596 illud

370 2601 711 2694 Argumentum·
1083 2626 1174 2700 nihil
1187 2633 1345 2706 curabat.
1397 2632 1466 2705 Sed
1489 2659 1568 2706 cum
1587 2647 1704 2706 essem
1720 2635 1865 2706 oracula
1881 2629 2071 2703 victoriam

130 2735 253 2812 lolans
275 2733 372 2808 lulius
395 2748 473 2806 erat
491 2729 654 2828 lphiclis,
675 2757 788 2826 nepos
804 2730 968 2804 Herculis
990 2754 1033 2800 ex
1082 2733 1338 2826 significantia,
1369 2736 1400 2807 si
1423 2737 1548 2808 Cereri
1573 2737 1789 2808 interficeret
1811 2733 2073 2808 nobilissimam

45 2858 169 2922 sorum
193 2838 345 2914 invenis
363 2863 451 2910 vero
468 2863 548 2910 curn
565 2838 628 2908 illo
642 2837 827 2920 militavit;
842 2859 949 2910 senex
967 2857 1032 2926 po·
1084 2838 1262 2928 puellam,
1289 2861 1422 2932 magno
1446 2841 1572 2913 dolore
1595 2841 1741 2914 affectus
1764 2853 1816 2914 est
1836 2851 1987 2934 propter
2010 2859 2071 2915 ea;

5 2925 7 2988 l
39 2941 125 3016 oens
149 2944 231 3020 eles
259 2942 464 3014 musculus
485 2939 679 3014 auxiliator
709 2939 835 3012 adfuit.
892 2935 1032 3008 Liberis
1084 2941 1318 3033 nequeenim
1341 2945 1551 3036 propriam,
1579 2967 1697 3039 neque
1720 2945 1851 3016 civium
1874 2939 2073 3034 cuiuspiam
2209 2977 2216 2990 ι

40 3045 119 3116 enlm
136 3047 255 3140 pulsis
272 3070 322 3116 ex
337 3058 411 3116 tota
428 3045 578 3118 Graecia
601 3045 646 3116 ab
660 3038 883 3139 Eurystheo,
910 3055 1032 3133 tegens
1083 3042 1192 3111 filiam
1214 3047 1563 3139 propter'supplices
1585 3047 1784 3120 interlicere
1807 3047 1941 3120 iustum
1968 3051 2074 3136 puta·

37 3153 209 3224 eosvenit
232 3144 416 3222 Athenas.
485 3147 533 3220 Et
553 3147 605 3218 ihi
635 3146 842 3240 confugiens
866 3145 911 3216 ad
934 3144 1032 3214 Deos
1084 3147 1156 3216 bat.
1209 3143 1427 3218 vaticinium
1452 3173 1538 3220 vero
1560 3149 1750 3223 resciscens
1765 3175 1837 3222 una
1852 3175 1895 3220 ex
1909 3143 2072 3218 Herculis

37 3243 149 3326 hahuit
164 3253 428 3336 securitatem,
447 3247 725 3344 Demophoonte
743 3249 905 3343 principe
920 3246 1031 3318 urbis.
1084 3247 1242 3332 filiabus,
1263 3249 1442 3335 Macaria,
1467 3252 1592 3324 volens
1613 3253 1723 3324 subiit
1743 3267 1911 3325 mortem.
1969 3247 2073 3320 Hanc

36 3350 167 3449 Copreo
181 3384 296 3440 vero,
310 3379 487 3448 praecone
503 3351 708 3449 Eurysthei,
723 3353 874 3424 avellere
888 3351 1031 3420 volente
1084 3351 1192 3442 igitur
1206 3367 1564 3442 generosemorluam
1579 3351 1791 3440 honoravit;
1807 3356 1876 3452 ipsi
1889 3375 1977 3424 uero
1992 3375 2074 3422 cunt

38 3463 229 3552 supplices,
267 3456 456 3553 prohibuit
483 3483 564 3530 eum
588 3453 843 3549 Demophoon.
894 3454 1030 3524 Praeco
1085 3454 1309 3528 rescivissent
1320 3451 1439 3530 hostes
1455 3459 1598 3546 adesse,
1621 3459 1784 3532 exierunt
1797 3463 1843 3532 ad
1861 3481 2019 3554 pugnam
2028 3455 2073 3553 ¹).

923 3659 1167 3732 Personae.

451 3813 570 3889 Iolaus
1392 3811 1553 3888 Macaria
1575 3817 1678 3913 virgo

455 3917 616 4012 Copreus
1394 3917 1536 3992 Ancilla

457 4019 597 4094 Chorus
837 4022 841 4032 ’
1391 4021 1564 4095 Alcmena

451 4120 737 4218 Demophoon')
794 4198 799 4206 ,
1394 4121 1551 4198 Nuntius

942 4217 1173 4320 Eurystheus.

807 4399 813 4412 ,
891 4325 1080 4398 Praefatur
1103 4321 1234 4397 lolaut.

764 4485 1287 4590 'anascnlnan

18 4643 223 4748 [iolcum
272 4655 480 4742 anreus,
514 4654 697 4734 choros,
732 4643 1034 4746 Demophoon]
1138 4645 1242 4741 „Qui
1269 4659 1388 4718 autem
1422 4645 1530 4722 habet
1560 4651 1780 4724 voluntatem
1814 4653 1996 4726 incitatam
2034 4653 2071 4724 in

479 4787 605 4858 mm
1494 4754 1648 4840 lucrum,

1138 4902 1161 4936 „
1170 4849 1261 4920 Urbi
1283 4863 1335 4922 est
1359 4851 1514 4940 inutilis,
1539 4869 1573 4926 et
1596 4857 1748 4932 difficilis
1762 4862 1807 4931 ad
1831 4859 2071 4931 conversatio·

60 4927 144 4999 lam
169 4925 277 4998 olim
294 4922 344 4994 sic
358 4923 539 4994 decretum
558 4934 610 4992 est
625 4921 721 5014 apud
738 4945 812 4992 me:
1490 4983 1573 5030 „em
1583 4959 1643 5060 ιι),

62 5029 240 5118 „Iustus
263 5025 319 5096 vir
331 5039 438 5097 natus
453 5038 505 5098 est
520 5023 710 5118 proximis3

1155 5165 1283 5217 praecum
1301 5167 1361 5205 eu·
1379 5154 1467 5218 Ipsius
1492 5157 1722 5221 interpretatione
1739 5161 1825 5210 istius
1843 5161 1965 5228 exhibet,
1992 5163 2071 5228 etque

1154 5223 1230 5272 allud
1247 5223 1330 5273 etism
1347 5229 1538 5288 argumentosi
1557 5241 1590 5278 es
1610 5229 1770 5292 Apollodori
1788 5231 1953 5284 Bibliotheca
1970 5243 2072 5298 meos

46 5302 77 5366 t)
98 5305 190 5352 une
212 5293 330 5346 vetoris
347 5293 519 5358 trgumssti,
537 5293 608 5356 quud
625 5291 654 5342 in
671 5291 764 5354 Eurip.
784 5293 834 5344 sl.
854 5291 939 5342 itssli.
960 5293 1034 5342 tuat.
1156 5293 1185 5340 et
1202 5291 1289 5342 istius
1305 5291 1437 5345 adiunxit

82 5379 206 5434 gmoe
230 5364 357 5426 legitur,
382 5363 576 5424 interpretatio
592 5361 778 5412 uslmtsools
797 5361 824 5410 iu
843 5361 927 5414 lllltc
948 5361 1035 5416 iffi.
1119 5357 1151 5424 t)
1170 5356 1360 5428 Demophoon]
1379 5361 1422 5412 siu
1440 5361 1523 5414 Mitt
1539 5363 1624 5428 lm,
1641 5361 1726 5427 im,
1745 5367 1818 5418 cuni.
1837 5379 1862 5429 p.
1875 5367 1936 5422 tlt.
1950 5371 2070 5420 uouit.

82 5439 173 5492 rm,
208 5435 321 5486 exstat.
370 5430 518 5482 urnulas
541 5429 569 5480 iu
592 5439 646 5482 sus
669 5429 721 5480 lli.
747 5429 818 5480 lte·
844 5431 1036 5494 mansilium
1119 5426 1168 5494 rs)
1186 5429 1218 5480 ll
1232 5430 1250 5480 l.
1269 5430 1297 5481 ln
1314 5430 1578 5497 solicitus.,tsst.
1596 5435 1663 5484 nuta
1675 5445 1777 5502 merga
1796 5437 1864 5498 ouis
1879 5439 1967 5490 tenus
1981 5433 2072 5490 clesi

11 5203 249 5219 ᾕ--ιι-ι-σ-
