<?xml version="1.0" encoding="UTF-8"?>
<!DOCTYPE html PUBLIC "-//W3C//DTD XHTML 1.0 Transitional//EN"
    "http://www.w3.org/TR/xhtml1/DTD/xhtml1-transitional.dtd">
<html xmlns="http://www.w3.org/1999/xhtml" xml:lang="en" lang="en">
 <head>
  <title>
</title>
<meta http-equiv="Content-Type" content="text/html;charset=utf-8" />
  <meta name='ocr-system' content='tesseract 3.04.00' />
  <meta name='ocr-capabilities' content='ocr_page ocr_carea ocr_par ocr_line ocrx_word'/>
</head>
<body>
  <div class='ocr_page' id='page_1' title='image "./operauaesupersu00melagoog/operauaesupersu00melagoog_0533.png"; bbox 0 0 4768 6100; ppageno 0'>
   <div class='ocr_carea' id='block_1_1' title="bbox 30 561 32 666">
    <p class='ocr_par' dir='ltr' id='par_1_1' title="bbox 30 561 32 666">
     <span class='ocr_line' id='line_1_1' title="bbox 30 561 31 600; baseline 0 0"><span class='ocrx_word' id='word_1_1' title='bbox 30 561 31 600; x_wconf 84' lang='lat' dir='ltr'>i</span> 
     </span>
     <span class='ocr_line' id='line_1_2' title="bbox 30 607 32 666; baseline 0 0"><span class='ocrx_word' id='word_1_2' title='bbox 30 607 32 666; x_wconf 84' lang='lat' dir='ltr'>i</span> 
     </span>
    </p>
   </div>
   <div class='ocr_carea' id='block_1_2' title="bbox 87 187 165 266">
    <p class='ocr_par' dir='ltr' id='par_1_2' title="bbox 87 187 165 266">
     <span class='ocr_line' id='line_1_3' title="bbox 87 187 165 266; baseline -0.026 -2"><span class='ocrx_word' id='word_1_3' title='bbox 87 187 165 266; x_wconf 84' lang='lat' dir='ltr'>titt</span> 
     </span>
    </p>
   </div>
   <div class='ocr_carea' id='block_1_3' title="bbox 79 347 1032 1166">
    <p class='ocr_par' dir='ltr' id='par_1_3' title="bbox 79 347 948 553">
     <span class='ocr_line' id='line_1_4' title="bbox 257 347 821 454; baseline 0 -26"><span class='ocrx_word' id='word_1_4' title='bbox 257 347 373 452; x_wconf 83' lang='lat' dir='ltr'>[lon,</span> <span class='ocrx_word' id='word_1_5' title='bbox 399 353 593 438; x_wconf 66' lang='lat' dir='ltr'>Xoites,</span> <span class='ocrx_word' id='word_1_6' title='bbox 625 351 821 454; x_wconf 71' lang='lat' dir='ltr'>Chorsia]</span> 
     </span>
     <span class='ocr_line' id='line_1_5' title="bbox 79 455 948 553; baseline -0.002 -21"><span class='ocrx_word' id='word_1_7' title='bbox 79 459 138 534; x_wconf 84' lang='lat'>510</span> <span class='ocrx_word' id='word_1_8' title='bbox 157 463 221 530; x_wconf 82' lang='lat' dir='ltr'>ios.</span> <span class='ocrx_word' id='word_1_9' title='bbox 243 455 449 540; x_wconf 90' lang='lat' dir='ltr'>Ministrae,</span> <span class='ocrx_word' id='word_1_10' title='bbox 464 479 567 550; x_wconf 74' lang='lat' dir='ltr'>quae</span> <span class='ocrx_word' id='word_1_11' title='bbox 584 455 676 528; x_wconf 87' lang='lat' dir='ltr'>circa</span> <span class='ocrx_word' id='word_1_12' title='bbox 692 459 808 531; x_wconf 86' lang='lat' dir='ltr'>basim</span> <span class='ocrx_word' id='word_1_13' title='bbox 823 460 948 553; x_wconf 86' lang='lat' dir='ltr'>templi</span> 
     </span>
    </p>

    <p class='ocr_par' dir='ltr' id='par_1_4' title="bbox 116 557 1032 746">
     <span class='ocr_line' id='line_1_6' title="bbox 116 557 1032 650; baseline -0.001 -18"><span class='ocrx_word' id='word_1_14' title='bbox 116 560 284 632; x_wconf 83' lang='lat' dir='ltr'>Fumaniis</span> <span class='ocrx_word' id='word_1_15' title='bbox 306 557 504 632; x_wconf 84' lang='lat' dir='ltr'>observatis</span> <span class='ocrx_word' id='word_1_16' title='bbox 524 560 674 634; x_wconf 90' lang='lat' dir='ltr'>domum</span> <span class='ocrx_word' id='word_1_17' title='bbox 701 557 893 634; x_wconf 85' lang='lat' dir='ltr'>habentem</span> <span class='ocrx_word' id='word_1_18' title='bbox 916 575 1032 650; x_wconf 78' lang='lat' dir='ltr'>custo·</span> 
     </span>
     <span class='ocr_line' id='line_1_7' title="bbox 455 663 565 746; baseline 0 -14"><span class='ocrx_word' id='word_1_19' title='bbox 455 663 565 746; x_wconf 87' lang='lat' dir='ltr'>diam,</span> 
     </span>
    </p>

    <p class='ocr_par' dir='ltr' id='par_1_5' title="bbox 113 765 1032 859">
     <span class='ocr_line' id='line_1_8' title="bbox 113 765 1032 859; baseline 0.007 -27"><span class='ocrx_word' id='word_1_20' title='bbox 113 765 299 859; x_wconf 83' lang='lat' dir='ltr'>Reliquitne</span> <span class='ocrx_word' id='word_1_21' title='bbox 325 766 397 837; x_wconf 88' lang='lat' dir='ltr'>iam</span> <span class='ocrx_word' id='word_1_22' title='bbox 419 789 559 838; x_wconf 82' lang='lat' dir='ltr'>sacram</span> <span class='ocrx_word' id='word_1_23' title='bbox 584 765 764 857; x_wconf 77' lang='lat' dir='ltr'>tripodem</span> <span class='ocrx_word' id='word_1_24' title='bbox 789 782 825 840; x_wconf 90' lang='lat' dir='ltr'>et</span> <span class='ocrx_word' id='word_1_25' title='bbox 848 769 1032 840; x_wconf 87' lang='lat' dir='ltr'>oraculum</span> 
     </span>
    </p>

    <p class='ocr_par' dir='ltr' id='par_1_6' title="bbox 110 863 1032 1046">
     <span class='ocr_line' id='line_1_9' title="bbox 110 863 1032 965; baseline 0.004 -27"><span class='ocrx_word' id='word_1_26' title='bbox 110 863 255 940; x_wconf 84' lang='lat' dir='ltr'>Xuthus?</span> <span class='ocrx_word' id='word_1_27' title='bbox 289 893 335 940; x_wconf 82' lang='lat' dir='ltr'>an</span> <span class='ocrx_word' id='word_1_28' title='bbox 357 880 482 940; x_wconf 86' lang='lat' dir='ltr'>manet</span> <span class='ocrx_word' id='word_1_29' title='bbox 502 869 541 938; x_wconf 90' lang='lat' dir='ltr'>in</span> <span class='ocrx_word' id='word_1_30' title='bbox 576 868 705 940; x_wconf 87' lang='lat' dir='ltr'>sacello</span> <span class='ocrx_word' id='word_1_31' title='bbox 739 871 971 965; x_wconf 78' lang='lat' dir='ltr'>interrogans</span> <span class='ocrx_word' id='word_1_32' title='bbox 988 873 1032 942; x_wconf 95' lang='lat' dir='ltr'>de</span> 
     </span>
     <span class='ocr_line' id='line_1_10' title="bbox 451 970 633 1046; baseline -0.033 0"><span class='ocrx_word' id='word_1_33' title='bbox 451 970 633 1046; x_wconf 83' lang='lat' dir='ltr'>orbitate?</span> 
     </span>
    </p>

    <p class='ocr_par' dir='ltr' id='par_1_7' title="bbox 110 1071 1031 1166">
     <span class='ocr_line' id='line_1_11' title="bbox 110 1071 1031 1166; baseline 0 -20"><span class='ocrx_word' id='word_1_34' title='bbox 110 1077 194 1146; x_wconf 80' lang='lat' dir='ltr'>tior.</span> <span class='ocrx_word' id='word_1_35' title='bbox 215 1071 311 1147; x_wconf 88' lang='lat' dir='ltr'>intus</span> <span class='ocrx_word' id='word_1_36' title='bbox 326 1089 391 1162; x_wconf 89' lang='lat' dir='ltr'>cst,</span> <span class='ocrx_word' id='word_1_37' title='bbox 405 1075 569 1149; x_wconf 87' lang='lat' dir='ltr'>nondum</span> <span class='ocrx_word' id='word_1_38' title='bbox 586 1097 745 1166; x_wconf 74' lang='lat' dir='ltr'>egressus</span> <span class='ocrx_word' id='word_1_39' title='bbox 761 1071 855 1146; x_wconf 87' lang='lat' dir='ltr'>hanc</span> <span class='ocrx_word' id='word_1_40' title='bbox 869 1081 1031 1162; x_wconf 90' lang='lat' dir='ltr'>domum,</span> 
     </span>
    </p>
   </div>
   <div class='ocr_carea' id='block_1_4' title="bbox 30 1171 1030 1274">
    <p class='ocr_par' dir='ltr' id='par_1_8' title="bbox 30 1171 1030 1274">
     <span class='ocr_line' id='line_1_12' title="bbox 30 1171 1030 1274; baseline 0.009 -31"><span class='ocrx_word' id='word_1_41' title='bbox 30 1215 32 1236; x_wconf 86' lang='lat'><em>·</em></span> <span class='ocrx_word' id='word_1_42' title='bbox 71 1171 1030 1274; x_wconf 79' lang='lat' dir='ltr'>515Sedtanquamiamegrediatur,harumportarum</span> 
     </span>
    </p>
   </div>
   <div class='ocr_carea' id='block_1_5' title="bbox 454 1281 621 1352">
    <p class='ocr_par' dir='ltr' id='par_1_9' title="bbox 454 1281 621 1352">
     <span class='ocr_line' id='line_1_13' title="bbox 454 1281 621 1352; baseline 0 0"><span class='ocrx_word' id='word_1_43' title='bbox 454 1281 621 1352; x_wconf 84' lang='lat' dir='ltr'>audimus</span> 
     </span>
    </p>
   </div>
   <div class='ocr_carea' id='block_1_6' title="bbox 30 1382 1029 1476">
    <p class='ocr_par' dir='ltr' id='par_1_10' title="bbox 30 1382 1029 1476">
     <span class='ocr_line' id='line_1_14' title="bbox 30 1382 1029 1476; baseline 0.006 -26"><span class='ocrx_word' id='word_1_44' title='bbox 30 1383 31 1404; x_wconf 66' lang='lat'>¹</span> <span class='ocrx_word' id='word_1_45' title='bbox 105 1382 303 1476; x_wconf 78' lang='lat' dir='ltr'><strong>Strepitum:</strong></span> <span class='ocrx_word' id='word_1_46' title='bbox 355 1397 542 1457; x_wconf 81' lang='lat' dir='ltr'>exeuntem</span> <span class='ocrx_word' id='word_1_47' title='bbox 577 1385 652 1454; x_wconf 90' lang='lat' dir='ltr'>iam</span> <span class='ocrx_word' id='word_1_48' title='bbox 683 1382 873 1470; x_wconf 83' lang='lat' dir='ltr'>domiuum</span> <span class='ocrx_word' id='word_1_49' title='bbox 907 1385 1029 1469; x_wconf 87' lang='lat' dir='ltr'>videre</span> 
     </span>
    </p>
   </div>
   <div class='ocr_carea' id='block_1_7' title="bbox 30 1531 32 1598">
    <p class='ocr_par' dir='ltr' id='par_1_11' title="bbox 30 1531 32 1598">
     <span class='ocr_line' id='line_1_15' title="bbox 30 1531 32 1598; baseline 0 0"><span class='ocrx_word' id='word_1_50' title='bbox 30 1531 32 1598; x_wconf 83' lang='lat' dir='ltr'>i</span> 
     </span>
    </p>
   </div>
   <div class='ocr_carea' id='block_1_8' title="bbox 450 1488 544 1558">
    <p class='ocr_par' dir='ltr' id='par_1_12' title="bbox 450 1488 544 1558">
     <span class='ocr_line' id='line_1_16' title="bbox 450 1488 544 1558; baseline 0.021 -2"><span class='ocrx_word' id='word_1_51' title='bbox 450 1488 544 1558; x_wconf 88' lang='lat' dir='ltr'>licet.</span> 
     </span>
    </p>
   </div>
   <div class='ocr_carea' id='block_1_9' title="bbox 30 1584 1029 1686">
    <p class='ocr_par' dir='ltr' id='par_1_13' title="bbox 30 1584 1029 1686">
     <span class='ocr_line' id='line_1_17' title="bbox 30 1584 1029 1686; baseline 0 -27"><span class='ocrx_word' id='word_1_52' title='bbox 30 1609 31 1626; x_wconf 64' lang='lat'>¹</span> <span class='ocrx_word' id='word_1_53' title='bbox 104 1591 199 1662; x_wconf 71' lang='lat' dir='ltr'>iuri.</span> <span class='ocrx_word' id='word_1_54' title='bbox 217 1587 250 1660; x_wconf 94' lang='grc' dir='ltr'>Ο</span> <span class='ocrx_word' id='word_1_55' title='bbox 265 1589 328 1674; x_wconf 86' lang='lat' dir='ltr'>iili,</span> <span class='ocrx_word' id='word_1_56' title='bbox 342 1590 457 1670; x_wconf 86' lang='lat' dir='ltr'>salve;</span> <span class='ocrx_word' id='word_1_57' title='bbox 472 1613 559 1660; x_wconf 89' lang='lat' dir='ltr'>uam</span> <span class='ocrx_word' id='word_1_58' title='bbox 574 1584 644 1660; x_wconf 89' lang='lat' dir='ltr'>hoc</span> <span class='ocrx_word' id='word_1_59' title='bbox 657 1589 844 1663; x_wconf 73' lang='lat' dir='ltr'>exordium</span> <span class='ocrx_word' id='word_1_60' title='bbox 857 1590 1029 1686; x_wconf 86' lang='lat' dir='ltr'>loquendi</span> 
     </span>
    </p>
   </div>
   <div class='ocr_carea' id='block_1_10' title="bbox 30 2711 32 2806">
    <p class='ocr_par' dir='ltr' id='par_1_14' title="bbox 30 2711 32 2806">
     <span class='ocr_line' id='line_1_18' title="bbox 30 2711 32 2806; baseline 0 0"><span class='ocrx_word' id='word_1_61' title='bbox 30 2711 32 2806; x_wconf 83' lang='lat' dir='ltr'>i</span> 
     </span>
    </p>
   </div>
   <div class='ocr_carea' id='block_1_11' title="bbox 102 1689 1027 1969">
    <p class='ocr_par' dir='ltr' id='par_1_15' title="bbox 102 1689 1027 1969">
     <span class='ocr_line' id='line_1_19' title="bbox 449 1689 733 1775; baseline 0.007 -13"><span class='ocrx_word' id='word_1_62' title='bbox 449 1689 540 1762; x_wconf 92' lang='lat' dir='ltr'>mihi</span> <span class='ocrx_word' id='word_1_63' title='bbox 555 1691 733 1775; x_wconf 83' lang='lat' dir='ltr'>convenit.</span> 
     </span>
     <span class='ocr_line' id='line_1_20' title="bbox 102 1793 1027 1892; baseline 0.006 -30"><span class='ocrx_word' id='word_1_64' title='bbox 102 1795 165 1864; x_wconf 84' lang='lat' dir='ltr'>ion.</span> <span class='ocrx_word' id='word_1_65' title='bbox 193 1793 289 1866; x_wconf 86' lang='lat' dir='ltr'>Salvi</span> <span class='ocrx_word' id='word_1_66' title='bbox 312 1819 454 1880; x_wconf 91' lang='lat' dir='ltr'>sumus,</span> <span class='ocrx_word' id='word_1_67' title='bbox 485 1808 521 1866; x_wconf 90' lang='lat' dir='ltr'>et</span> <span class='ocrx_word' id='word_1_68' title='bbox 543 1807 584 1866; x_wconf 92' lang='lat' dir='ltr'>tu</span> <span class='ocrx_word' id='word_1_69' title='bbox 605 1817 713 1866; x_wconf 86' lang='lat' dir='ltr'>sanus</span> <span class='ocrx_word' id='word_1_70' title='bbox 735 1795 804 1880; x_wconf 88' lang='lat' dir='ltr'>sis,</span> <span class='ocrx_word' id='word_1_71' title='bbox 826 1809 862 1871; x_wconf 81' lang='lat' dir='ltr'>et</span> <span class='ocrx_word' id='word_1_72' title='bbox 884 1798 1027 1892; x_wconf 86' lang='lat' dir='ltr'>utrique</span> 
     </span>
     <span class='ocr_line' id='line_1_21' title="bbox 453 1896 737 1969; baseline 0.007 -3"><span class='ocrx_word' id='word_1_73' title='bbox 453 1897 557 1968; x_wconf 89' lang='lat' dir='ltr'>uobis</span> <span class='ocrx_word' id='word_1_74' title='bbox 572 1898 664 1969; x_wconf 85' lang='lat' dir='ltr'>bene</span> <span class='ocrx_word' id='word_1_75' title='bbox 680 1896 737 1968; x_wconf 91' lang='lat' dir='ltr'>sit.</span> 
     </span>
    </p>
   </div>
   <div class='ocr_carea' id='block_1_12' title="bbox 561 175 1563 272">
    <p class='ocr_par' dir='ltr' id='par_1_16' title="bbox 561 175 1563 272">
     <span class='ocr_line' id='line_1_22' title="bbox 561 175 1563 272; baseline 0.005 -24"><span class='ocrx_word' id='word_1_76' title='bbox 561 177 684 254; x_wconf 85' lang='lat' dir='ltr'>LXXI.</span> <span class='ocrx_word' id='word_1_77' title='bbox 736 177 1136 262; x_wconf 73' lang='lat' dir='ltr'>inritnrnurtno</span> <span class='ocrx_word' id='word_1_78' title='bbox 1163 177 1288 269; x_wconf 82' lang='lat' dir='ltr'>tonis</span> <span class='ocrx_word' id='word_1_79' title='bbox 1311 175 1563 272; x_wconf 71' lang='lat' dir='ltr'><strong>EURIPIDIS.</strong></span> 
     </span>
    </p>
   </div>
   <div class='ocr_carea' id='block_1_13' title="bbox 1982 205 2084 283">
    <p class='ocr_par' dir='ltr' id='par_1_17' title="bbox 1982 205 2084 283">
     <span class='ocr_line' id='line_1_23' title="bbox 1982 205 2084 283; baseline 0 -1"><span class='ocrx_word' id='word_1_80' title='bbox 1982 205 2084 283; x_wconf 81' lang='lat'><strong>1014</strong></span> 
     </span>
    </p>
   </div>
   <div class='ocr_carea' id='block_1_14' title="bbox 1135 351 2081 946">
    <p class='ocr_par' dir='ltr' id='par_1_18' title="bbox 1138 351 2081 556">
     <span class='ocr_line' id='line_1_24' title="bbox 1138 351 2081 461; baseline 0.028 -41"><span class='ocrx_word' id='word_1_81' title='bbox 1138 357 1250 430; x_wconf 71' lang='lat' dir='ltr'>Xuti.</span> <span class='ocrx_word' id='word_1_82' title='bbox 1284 351 1447 427; x_wconf 83' lang='lat' dir='ltr'>interfice</span> <span class='ocrx_word' id='word_1_83' title='bbox 1464 363 1500 426; x_wconf 85' lang='lat' dir='ltr'>et</span> <span class='ocrx_word' id='word_1_84' title='bbox 1516 351 1682 438; x_wconf 76' lang='lat' dir='ltr'>incendor</span> <span class='ocrx_word' id='word_1_85' title='bbox 1711 363 1823 452; x_wconf 77' lang='lat' dir='ltr'>patris</span> <span class='ocrx_word' id='word_1_86' title='bbox 1837 366 1932 450; x_wconf 85' lang='lat' dir='ltr'>enim</span> <span class='ocrx_word' id='word_1_87' title='bbox 1949 373 2024 461; x_wconf 87' lang='lat' dir='ltr'>tui,</span> <span class='ocrx_word' id='word_1_88' title='bbox 2049 381 2081 460; x_wconf 81' lang='lat' dir='ltr'>si</span> 
     </span>
     <span class='ocr_line' id='line_1_25' title="bbox 1507 455 2027 556; baseline 0.054 -32"><span class='ocrx_word' id='word_1_89' title='bbox 1507 455 1697 544; x_wconf 87' lang='lat' dir='ltr'>occideris,</span> <span class='ocrx_word' id='word_1_90' title='bbox 1722 464 1793 540; x_wconf 86' lang='lat' dir='ltr'>eris</span> <span class='ocrx_word' id='word_1_91' title='bbox 1809 467 2027 556; x_wconf 75' lang='lat' dir='ltr'>interfector.</span> 
     </span>
    </p>

    <p class='ocr_par' dir='ltr' id='par_1_19' title="bbox 1138 555 2076 763">
     <span class='ocr_line' id='line_1_26' title="bbox 1138 555 2076 666; baseline 0.026 -35"><span class='ocrx_word' id='word_1_92' title='bbox 1138 565 1213 632; x_wconf 83' lang='lat' dir='ltr'>loss.</span> <span class='ocrx_word' id='word_1_93' title='bbox 1238 558 1432 652; x_wconf 83' lang='lat' dir='ltr'><strong>Quomodo</strong></span> <span class='ocrx_word' id='word_1_94' title='bbox 1448 571 1488 630; x_wconf 92' lang='lat' dir='ltr'>tu</span> <span class='ocrx_word' id='word_1_95' title='bbox 1501 555 1591 630; x_wconf 86' lang='lat' dir='ltr'>mihi</span> <span class='ocrx_word' id='word_1_96' title='bbox 1608 575 1710 653; x_wconf 85' lang='lat' dir='ltr'>pater</span> <span class='ocrx_word' id='word_1_97' title='bbox 1725 566 1783 640; x_wconf 82' lang='lat' dir='ltr'>es?</span> <span class='ocrx_word' id='word_1_98' title='bbox 1807 565 1876 643; x_wconf 91' lang='lat' dir='ltr'>hoc</span> <span class='ocrx_word' id='word_1_99' title='bbox 1896 573 2008 666; x_wconf 78' lang='lat' dir='ltr'>igitur</span> <span class='ocrx_word' id='word_1_100' title='bbox 2030 607 2076 656; x_wconf 92' lang='lat' dir='ltr'>an</span> 
     </span>
     <span class='ocr_line' id='line_1_27' title="bbox 1498 665 2052 763; baseline 0.045 -33"><span class='ocrx_word' id='word_1_101' title='bbox 1498 685 1574 750; x_wconf 88' lang='lat' dir='ltr'>non</span> <span class='ocrx_word' id='word_1_102' title='bbox 1591 665 1780 754; x_wconf 83' lang='lat' dir='ltr'>ridendum</span> <span class='ocrx_word' id='word_1_103' title='bbox 1797 671 1887 748; x_wconf 86' lang='lat' dir='ltr'>mibi</span> <span class='ocrx_word' id='word_1_104' title='bbox 1902 681 2052 763; x_wconf 71' lang='lat' dir='ltr'>auditu?</span> 
     </span>
    </p>

    <p class='ocr_par' dir='ltr' id='par_1_20' title="bbox 1135 763 2073 946">
     <span class='ocr_line' id='line_1_28' title="bbox 1135 763 2073 874; baseline 0.027 -37"><span class='ocrx_word' id='word_1_105' title='bbox 1135 769 1246 838; x_wconf 75' lang='lat' dir='ltr'>Xuci.</span> <span class='ocrx_word' id='word_1_106' title='bbox 1294 763 1424 838; x_wconf 88' lang='lat' dir='ltr'>Nonne</span> <span class='ocrx_word' id='word_1_107' title='bbox 1451 765 1556 837; x_wconf 81' lang='lat' dir='ltr'>velox</span> <span class='ocrx_word' id='word_1_108' title='bbox 1577 769 1694 842; x_wconf 90' lang='lat' dir='ltr'>oratio</span> <span class='ocrx_word' id='word_1_109' title='bbox 1719 779 1851 866; x_wconf 80' lang='lat' dir='ltr'>poterit</span> <span class='ocrx_word' id='word_1_110' title='bbox 1874 779 2073 874; x_wconf 71' lang='lat' dir='ltr'>significare</span> 
     </span>
     <span class='ocr_line' id='line_1_29' title="bbox 1498 873 1694 946; baseline 0.031 -5"><span class='ocrx_word' id='word_1_111' title='bbox 1498 892 1596 942; x_wconf 86' lang='lat' dir='ltr'>meas</span> <span class='ocrx_word' id='word_1_112' title='bbox 1612 873 1694 946; x_wconf 81' lang='lat' dir='ltr'>res?</span> 
     </span>
    </p>
   </div>
   <div class='ocr_carea' id='block_1_15' title="bbox 1085 968 1683 1066">
    <p class='ocr_par' dir='ltr' id='par_1_21' title="bbox 1085 968 1683 1066">
     <span class='ocr_line' id='line_1_30' title="bbox 1085 968 1683 1066; baseline 0.005 -23"><span class='ocrx_word' id='word_1_113' title='bbox 1085 970 1161 1043; x_wconf 77' lang='lat'>530</span> <span class='ocrx_word' id='word_1_114' title='bbox 1186 977 1260 1042; x_wconf 83' lang='lat' dir='ltr'>ion.</span> <span class='ocrx_word' id='word_1_115' title='bbox 1284 968 1332 1040; x_wconf 88' lang='lat' dir='ltr'>Et</span> <span class='ocrx_word' id='word_1_116' title='bbox 1347 971 1683 1066; x_wconf 81' lang='lat' dir='ltr'>quiddicturuses?</span> 
     </span>
    </p>
   </div>
   <div class='ocr_carea' id='block_1_16' title="bbox 1129 1071 2029 1994">
    <p class='ocr_par' dir='ltr' id='par_1_22' title="bbox 1132 1071 2027 1270">
     <span class='ocr_line' id='line_1_31' title="bbox 1134 1071 2027 1180; baseline 0.017 -32"><span class='ocrx_word' id='word_1_117' title='bbox 1134 1077 1244 1148; x_wconf 78' lang='lat' dir='ltr'>Xuils.</span> <span class='ocrx_word' id='word_1_118' title='bbox 1266 1071 1346 1166; x_wconf 79' lang='lat' dir='ltr'>Ego</span> <span class='ocrx_word' id='word_1_119' title='bbox 1362 1099 1441 1148; x_wconf 90' lang='lat' dir='ltr'>sum</span> <span class='ocrx_word' id='word_1_120' title='bbox 1459 1087 1542 1150; x_wconf 90' lang='lat' dir='ltr'>tuus</span> <span class='ocrx_word' id='word_1_121' title='bbox 1557 1089 1679 1168; x_wconf 88' lang='lat' dir='ltr'>pater,</span> <span class='ocrx_word' id='word_1_122' title='bbox 1701 1092 1736 1150; x_wconf 87' lang='lat' dir='ltr'>ct</span> <span class='ocrx_word' id='word_1_123' title='bbox 1752 1094 1792 1155; x_wconf 88' lang='lat' dir='ltr'>tu</span> <span class='ocrx_word' id='word_1_124' title='bbox 1807 1109 1907 1161; x_wconf 89' lang='lat' dir='ltr'>meus</span> <span class='ocrx_word' id='word_1_125' title='bbox 1924 1091 2027 1180; x_wconf 65' lang='lat' dir='ltr'>filius.</span> 
     </span>
     <span class='ocr_line' id='line_1_32' title="bbox 1132 1171 1557 1270; baseline -0.009 -20"><span class='ocrx_word' id='word_1_126' title='bbox 1132 1183 1215 1250; x_wconf 72' lang='lat' dir='ltr'>Ion.</span> <span class='ocrx_word' id='word_1_127' title='bbox 1234 1177 1325 1270; x_wconf 84' lang='lat' dir='ltr'>Quis</span> <span class='ocrx_word' id='word_1_128' title='bbox 1339 1177 1429 1248; x_wconf 78' lang='lat' dir='ltr'>dixit</span> <span class='ocrx_word' id='word_1_129' title='bbox 1444 1171 1557 1248; x_wconf 77' lang='lat' dir='ltr'>haec?</span> 
     </span>
    </p>

    <p class='ocr_par' dir='ltr' id='par_1_23' title="bbox 1132 1278 2029 1480">
     <span class='ocr_line' id='line_1_33' title="bbox 1133 1278 2029 1386; baseline 0.009 -34"><span class='ocrx_word' id='word_1_130' title='bbox 1133 1282 1242 1353; x_wconf 71' lang='lat' dir='ltr'>Koch.</span> <span class='ocrx_word' id='word_1_131' title='bbox 1267 1278 1419 1372; x_wconf 81' lang='lat' dir='ltr'><strong>Apollo,</strong></span> <span class='ocrx_word' id='word_1_132' title='bbox 1441 1281 1504 1376; x_wconf 92' lang='lat' dir='ltr'>qui</span> <span class='ocrx_word' id='word_1_133' title='bbox 1518 1293 1552 1352; x_wconf 90' lang='lat' dir='ltr'>te</span> <span class='ocrx_word' id='word_1_134' title='bbox 1566 1281 1657 1354; x_wconf 85' lang='lat' dir='ltr'>aluit</span> <span class='ocrx_word' id='word_1_135' title='bbox 1670 1307 1792 1360; x_wconf 90' lang='lat' dir='ltr'>meum</span> <span class='ocrx_word' id='word_1_136' title='bbox 1810 1293 2029 1386; x_wconf 61' lang='lat' dir='ltr'>eripteprgm,</span> 
     </span>
     <span class='ocr_line' id='line_1_34' title="bbox 1132 1382 1897 1480; baseline 0.005 -25"><span class='ocrx_word' id='word_1_137' title='bbox 1132 1389 1206 1455; x_wconf 85' lang='lat' dir='ltr'>Ion.</span> <span class='ocrx_word' id='word_1_138' title='bbox 1228 1382 1326 1454; x_wconf 83' lang='lat' dir='ltr'>Dicis</span> <span class='ocrx_word' id='word_1_139' title='bbox 1342 1383 1408 1454; x_wconf 90' lang='lat' dir='ltr'>tibi</span> <span class='ocrx_word' id='word_1_140' title='bbox 1424 1382 1493 1475; x_wconf 91' lang='lat' dir='ltr'>ipsi</span> <span class='ocrx_word' id='word_1_141' title='bbox 1508 1383 1779 1460; x_wconf 86' lang='lat' dir='ltr'>testimouium?</span> <span class='ocrx_word' id='word_1_142' title='bbox 1893 1471 1897 1480; x_wconf 89' lang='lat'>.</span> 
     </span>
    </p>

    <p class='ocr_par' dir='ltr' id='par_1_24' title="bbox 1129 1485 1912 1582">
     <span class='ocr_line' id='line_1_35' title="bbox 1129 1485 1912 1582; baseline 0.011 -24"><span class='ocrx_word' id='word_1_143' title='bbox 1129 1488 1243 1560; x_wconf 71' lang='lat' dir='ltr'>Xois.</span> <span class='ocrx_word' id='word_1_144' title='bbox 1263 1485 1353 1556; x_wconf 92' lang='lat' dir='ltr'>Dico</span> <span class='ocrx_word' id='word_1_145' title='bbox 1368 1487 1427 1556; x_wconf 90' lang='lat' dir='ltr'>ilia</span> <span class='ocrx_word' id='word_1_146' title='bbox 1444 1487 1588 1578; x_wconf 80' lang='lat' dir='ltr'>cognito</span> <span class='ocrx_word' id='word_1_147' title='bbox 1604 1487 1675 1563; x_wconf 92' lang='lat' dir='ltr'>Dei</span> <span class='ocrx_word' id='word_1_148' title='bbox 1694 1495 1851 1577; x_wconf 81' lang='lat' dir='ltr'>oraculo.</span> <span class='ocrx_word' id='word_1_149' title='bbox 1908 1573 1912 1582; x_wconf 63' lang='grc'>,</span> 
     </span>
    </p>

    <p class='ocr_par' dir='ltr' id='par_1_25' title="bbox 1133 1588 1839 1686">
     <span class='ocr_line' id='line_1_36' title="bbox 1133 1588 1839 1686; baseline 0.013 -25"><span class='ocrx_word' id='word_1_150' title='bbox 1133 1594 1206 1661; x_wconf 83' lang='lat' dir='ltr'>Ion.</span> <span class='ocrx_word' id='word_1_151' title='bbox 1234 1588 1413 1682; x_wconf 77' lang='lat' dir='ltr'>Deceptus</span> <span class='ocrx_word' id='word_1_152' title='bbox 1431 1614 1468 1662; x_wconf 87' lang='lat' dir='ltr'>cs</span> <span class='ocrx_word' id='word_1_153' title='bbox 1483 1590 1607 1662; x_wconf 91' lang='lat' dir='ltr'>audito</span> <span class='ocrx_word' id='word_1_154' title='bbox 1626 1593 1839 1686; x_wconf 74' lang='lat' dir='ltr'>aenigmate.</span> 
     </span>
    </p>

    <p class='ocr_par' dir='ltr' id='par_1_26' title="bbox 1131 1694 1772 1772">
     <span class='ocr_line' id='line_1_37' title="bbox 1131 1694 1772 1772; baseline 0.003 -8"><span class='ocrx_word' id='word_1_155' title='bbox 1131 1695 1241 1765; x_wconf 79' lang='lat' dir='ltr'>Xscid.</span> <span class='ocrx_word' id='word_1_156' title='bbox 1263 1694 1322 1764; x_wconf 86' lang='lat' dir='ltr'>Au</span> <span class='ocrx_word' id='word_1_157' title='bbox 1339 1716 1415 1764; x_wconf 89' lang='lat' dir='ltr'>non</span> <span class='ocrx_word' id='word_1_158' title='bbox 1429 1705 1525 1764; x_wconf 88' lang='lat' dir='ltr'>recte</span> <span class='ocrx_word' id='word_1_159' title='bbox 1545 1694 1772 1772; x_wconf 82' lang='lat' dir='ltr'>audivimus?</span> 
     </span>
    </p>

    <p class='ocr_par' dir='ltr' id='par_1_27' title="bbox 1131 1791 1709 1888">
     <span class='ocr_line' id='line_1_38' title="bbox 1131 1791 1709 1888; baseline 0.003 -22"><span class='ocrx_word' id='word_1_160' title='bbox 1131 1799 1205 1866; x_wconf 83' lang='lat' dir='ltr'>lon.</span> <span class='ocrx_word' id='word_1_161' title='bbox 1229 1795 1320 1888; x_wconf 85' lang='lat' dir='ltr'>Quis</span> <span class='ocrx_word' id='word_1_162' title='bbox 1332 1795 1400 1866; x_wconf 85' lang='lat' dir='ltr'>suit</span> <span class='ocrx_word' id='word_1_163' title='bbox 1412 1819 1531 1869; x_wconf 88' lang='lat' dir='ltr'>sermo</span> <span class='ocrx_word' id='word_1_164' title='bbox 1545 1791 1709 1870; x_wconf 83' lang='lat' dir='ltr'>Phoebi?</span> 
     </span>
    </p>

    <p class='ocr_par' dir='ltr' id='par_1_28' title="bbox 1129 1895 1984 1994">
     <span class='ocr_line' id='line_1_39' title="bbox 1129 1895 1984 1994; baseline 0 -26"><span class='ocrx_word' id='word_1_165' title='bbox 1129 1899 1239 1970; x_wconf 69' lang='lat' dir='ltr'>Xois.</span> <span class='ocrx_word' id='word_1_166' title='bbox 1263 1895 1378 1982; x_wconf 89' lang='lat' dir='ltr'>Eum,</span> <span class='ocrx_word' id='word_1_167' title='bbox 1404 1897 1467 1993; x_wconf 90' lang='lat' dir='ltr'>qui</span> <span class='ocrx_word' id='word_1_168' title='bbox 1486 1899 1628 1970; x_wconf 89' lang='lat' dir='ltr'>obviam</span> <span class='ocrx_word' id='word_1_169' title='bbox 1645 1897 1736 1975; x_wconf 87' lang='lat' dir='ltr'>mihi</span> <span class='ocrx_word' id='word_1_170' title='bbox 1751 1902 1917 1994; x_wconf 74' lang='lat' dir='ltr'>venisset,</span> <span class='ocrx_word' id='word_1_171' title='bbox 1932 1949 1984 1968; x_wconf 83' lang='grc'>.-</span> 
     </span>
    </p>
   </div>
   <div class='ocr_carea' id='block_1_17' title="bbox 99 1995 1599 2096">
    <p class='ocr_par' dir='ltr' id='par_1_29' title="bbox 99 1995 1599 2096">
     <span class='ocr_line' id='line_1_40' title="bbox 99 1995 1599 2096; baseline 0.001 -28"><span class='ocrx_word' id='word_1_172' title='bbox 99 2000 197 2070; x_wconf 71' lang='lat' dir='ltr'>iusi.</span> <span class='ocrx_word' id='word_1_173' title='bbox 231 1998 287 2070; x_wconf 85' lang='lat' dir='ltr'>Da</span> <span class='ocrx_word' id='word_1_174' title='bbox 316 2023 444 2070; x_wconf 90' lang='lat' dir='ltr'>manus</span> <span class='ocrx_word' id='word_1_175' title='bbox 464 2013 547 2072; x_wconf 85' lang='lat' dir='ltr'>tuae</span> <span class='ocrx_word' id='word_1_176' title='bbox 568 1995 659 2073; x_wconf 90' lang='lat' dir='ltr'>mihi</span> <span class='ocrx_word' id='word_1_177' title='bbox 685 2000 845 2071; x_wconf 89' lang='lat' dir='ltr'>osculum</span> <span class='ocrx_word' id='word_1_178' title='bbox 872 2013 907 2071; x_wconf 88' lang='lat' dir='ltr'>et</span> <span class='ocrx_word' id='word_1_179' title='bbox 928 2025 1026 2072; x_wconf 91' lang='lat' dir='ltr'>com-</span> <span class='ocrx_word' id='word_1_180' title='bbox 1079 1995 1155 2072; x_wconf 72' lang='lat'>535</span> <span class='ocrx_word' id='word_1_181' title='bbox 1178 2005 1252 2074; x_wconf 83' lang='lat' dir='ltr'>lon.</span> <span class='ocrx_word' id='word_1_182' title='bbox 1275 1997 1316 2070; x_wconf 88' lang='lat' dir='ltr'>lu</span> <span class='ocrx_word' id='word_1_183' title='bbox 1332 2023 1406 2096; x_wconf 86' lang='lat' dir='ltr'>quo</span> <span class='ocrx_word' id='word_1_184' title='bbox 1425 2000 1599 2074; x_wconf 83' lang='lat' dir='ltr'>occursu?</span> 
     </span>
    </p>
   </div>
   <div class='ocr_carea' id='block_1_18' title="bbox 449 2102 790 2194">
    <p class='ocr_par' dir='ltr' id='par_1_30' title="bbox 449 2102 790 2194">
     <span class='ocr_line' id='line_1_41' title="bbox 449 2102 790 2194; baseline -0.006 -22"><span class='ocrx_word' id='word_1_185' title='bbox 449 2103 593 2194; x_wconf 86' lang='lat' dir='ltr'>plexum</span> <span class='ocrx_word' id='word_1_186' title='bbox 609 2102 790 2194; x_wconf 88' lang='lat' dir='ltr'>corporis:</span> 
     </span>
    </p>
   </div>
   <div class='ocr_carea' id='block_1_19' title="bbox 64 2195 1024 2290">
    <p class='ocr_par' dir='ltr' id='par_1_31' title="bbox 64 2195 1024 2290">
     <span class='ocr_line' id='line_1_42' title="bbox 64 2195 1024 2290; baseline 0.005 -16"><span class='ocrx_word' id='word_1_187' title='bbox 64 2195 120 2274; x_wconf 78' lang='lat'>520</span> <span class='ocrx_word' id='word_1_188' title='bbox 158 2211 229 2278; x_wconf 81' lang='lat' dir='ltr'>Ion.</span> <span class='ocrx_word' id='word_1_189' title='bbox 264 2205 427 2278; x_wconf 77' lang='lat' dir='ltr'>Sanusne</span> <span class='ocrx_word' id='word_1_190' title='bbox 451 2230 507 2290; x_wconf 87' lang='lat' dir='ltr'>es,</span> <span class='ocrx_word' id='word_1_191' title='bbox 538 2218 601 2278; x_wconf 84' lang='lat' dir='ltr'>out</span> <span class='ocrx_word' id='word_1_192' title='bbox 624 2205 731 2274; x_wconf 86' lang='lat' dir='ltr'>vertit</span> <span class='ocrx_word' id='word_1_193' title='bbox 751 2218 785 2276; x_wconf 90' lang='lat' dir='ltr'>te</span> <span class='ocrx_word' id='word_1_194' title='bbox 809 2206 848 2276; x_wconf 88' lang='lat' dir='ltr'>in</span> <span class='ocrx_word' id='word_1_195' title='bbox 865 2208 1024 2279; x_wconf 85' lang='lat' dir='ltr'>furorem</span> 
     </span>
    </p>
   </div>
   <div class='ocr_carea' id='block_1_20' title="bbox 94 2306 1024 3207">
    <p class='ocr_par' dir='ltr' id='par_1_32' title="bbox 446 2306 788 2404">
     <span class='ocr_line' id='line_1_43' title="bbox 446 2306 788 2404; baseline 0 -26"><span class='ocrx_word' id='word_1_196' title='bbox 446 2309 565 2404; x_wconf 83' lang='lat' dir='ltr'>aliqua</span> <span class='ocrx_word' id='word_1_197' title='bbox 583 2306 654 2381; x_wconf 90' lang='lat' dir='ltr'>Dei</span> <span class='ocrx_word' id='word_1_198' title='bbox 668 2306 788 2380; x_wconf 79' lang='lat' dir='ltr'>noxa?</span> 
     </span>
    </p>

    <p class='ocr_par' dir='ltr' id='par_1_33' title="bbox 96 2408 1024 2611">
     <span class='ocr_line' id='line_1_44' title="bbox 96 2408 1024 2498; baseline -0.001 -16"><span class='ocrx_word' id='word_1_199' title='bbox 96 2413 195 2484; x_wconf 72' lang='lat' dir='ltr'>tuti.</span> <span class='ocrx_word' id='word_1_200' title='bbox 236 2411 354 2484; x_wconf 85' lang='lat' dir='ltr'>Sanus</span> <span class='ocrx_word' id='word_1_201' title='bbox 382 2437 481 2497; x_wconf 89' lang='lat' dir='ltr'>sum,</span> <span class='ocrx_word' id='word_1_202' title='bbox 516 2408 724 2484; x_wconf 87' lang='lat' dir='ltr'>charissima</span> <span class='ocrx_word' id='word_1_203' title='bbox 760 2413 964 2498; x_wconf 84' lang='lat' dir='ltr'>inveniens,</span> <span class='ocrx_word' id='word_1_204' title='bbox 995 2414 1024 2484; x_wconf 94' lang='lat' dir='ltr'>si</span> 
     </span>
     <span class='ocr_line' id='line_1_45' title="bbox 446 2514 872 2611; baseline 0.005 -25"><span class='ocrx_word' id='word_1_205' title='bbox 446 2515 557 2606; x_wconf 83' lang='lat' dir='ltr'>iugis,</span> <span class='ocrx_word' id='word_1_206' title='bbox 583 2514 872 2611; x_wconf 66' lang='lat' dir='ltr'>cousequarffl).</span> 
     </span>
    </p>

    <p class='ocr_par' dir='ltr' id='par_1_34' title="bbox 95 2615 1024 2812">
     <span class='ocr_line' id='line_1_46' title="bbox 95 2615 1024 2710; baseline 0.006 -27"><span class='ocrx_word' id='word_1_207' title='bbox 95 2615 160 2686; x_wconf 84' lang='lat' dir='ltr'>ios.</span> <span class='ocrx_word' id='word_1_208' title='bbox 182 2615 336 2702; x_wconf 78' lang='lat' dir='ltr'>Desine,</span> <span class='ocrx_word' id='word_1_209' title='bbox 355 2641 401 2688; x_wconf 87' lang='lat' dir='ltr'>ue</span> <span class='ocrx_word' id='word_1_210' title='bbox 418 2631 634 2710; x_wconf 84' lang='lat' dir='ltr'>contrectes,</span> <span class='ocrx_word' id='word_1_211' title='bbox 658 2629 875 2690; x_wconf 80' lang='lat' dir='ltr'>stornatum</span> <span class='ocrx_word' id='word_1_212' title='bbox 892 2618 961 2690; x_wconf 89' lang='lat' dir='ltr'>Dei</span> <span class='ocrx_word' id='word_1_213' title='bbox 979 2641 1024 2689; x_wconf 89' lang='lat' dir='ltr'>ne</span> 
     </span>
     <span class='ocr_line' id='line_1_47' title="bbox 448 2743 740 2812; baseline 0.007 -22"><span class='ocrx_word' id='word_1_214' title='bbox 448 2745 559 2791; x_wconf 88' lang='lat' dir='ltr'>manu</span> <span class='ocrx_word' id='word_1_215' title='bbox 581 2743 740 2812; x_wconf 81' lang='lat' dir='ltr'>rumpas.</span> 
     </span>
    </p>

    <p class='ocr_par' dir='ltr' id='par_1_35' title="bbox 94 2823 1023 2920">
     <span class='ocr_line' id='line_1_48' title="bbox 94 2823 1023 2920; baseline 0.002 -29"><span class='ocrx_word' id='word_1_216' title='bbox 94 2823 194 2894; x_wconf 72' lang='lat' dir='ltr'>tiri.</span> <span class='ocrx_word' id='word_1_217' title='bbox 221 2823 425 2916; x_wconf 66' lang='lat' dir='ltr'>Attingam,</span> <span class='ocrx_word' id='word_1_218' title='bbox 447 2847 566 2920; x_wconf 87' lang='lat' dir='ltr'>neque</span> <span class='ocrx_word' id='word_1_219' title='bbox 582 2823 711 2916; x_wconf 78' lang='lat' dir='ltr'>pignus</span> <span class='ocrx_word' id='word_1_220' title='bbox 726 2823 849 2918; x_wconf 86' lang='lat' dir='ltr'>capio;</span> <span class='ocrx_word' id='word_1_221' title='bbox 876 2823 1023 2894; x_wconf 88' lang='lat' dir='ltr'>invenio</span> 
     </span>
    </p>

    <p class='ocr_par' dir='ltr' id='par_1_36' title="bbox 346 2923 1023 3022">
     <span class='ocr_line' id='line_1_49' title="bbox 346 2923 1023 3022; baseline 0.006 -26"><span class='ocrx_word' id='word_1_222' title='bbox 346 2926 461 3012; x_wconf 90' lang='lat' dir='ltr'>cuim,</span> <span class='ocrx_word' id='word_1_223' title='bbox 478 2929 576 3022; x_wconf 88' lang='lat' dir='ltr'>quod</span> <span class='ocrx_word' id='word_1_224' title='bbox 590 2923 680 2998; x_wconf 92' lang='lat' dir='ltr'>mihi</span> <span class='ocrx_word' id='word_1_225' title='bbox 697 2941 749 3000; x_wconf 87' lang='lat' dir='ltr'>est</span> <span class='ocrx_word' id='word_1_226' title='bbox 762 2923 1023 3000; x_wconf 89' lang='lat' dir='ltr'>charissimum.</span> 
     </span>
    </p>

    <p class='ocr_par' dir='ltr' id='par_1_37' title="bbox 94 3027 1024 3126">
     <span class='ocr_line' id='line_1_50' title="bbox 94 3027 1024 3126; baseline 0.008 -33"><span class='ocrx_word' id='word_1_227' title='bbox 94 3027 159 3096; x_wconf 82' lang='lat' dir='ltr'>ion.</span> <span class='ocrx_word' id='word_1_228' title='bbox 182 3027 267 3100; x_wconf 91' lang='lat' dir='ltr'>Non</span> <span class='ocrx_word' id='word_1_229' title='bbox 284 3029 448 3116; x_wconf 89' lang='lat' dir='ltr'>omittes,</span> <span class='ocrx_word' id='word_1_230' title='bbox 471 3031 682 3126; x_wconf 79' lang='lat' dir='ltr'>priusquam</span> <span class='ocrx_word' id='word_1_231' title='bbox 697 3055 783 3103; x_wconf 89' lang='lat' dir='ltr'>arcu</span> <span class='ocrx_word' id='word_1_232' title='bbox 799 3031 926 3100; x_wconf 83' lang='lat' dir='ltr'>seriam</span> <span class='ocrx_word' id='word_1_233' title='bbox 945 3032 1024 3124; x_wconf 94' lang='lat' dir='ltr'>pul·</span> 
     </span>
    </p>

    <p class='ocr_par' dir='ltr' id='par_1_38' title="bbox 449 3143 684 3207">
     <span class='ocr_line' id='line_1_51' title="bbox 449 3143 684 3207; baseline -0.013 0"><span class='ocrx_word' id='word_1_234' title='bbox 449 3157 575 3207; x_wconf 88' lang='lat' dir='ltr'>mones</span> <span class='ocrx_word' id='word_1_235' title='bbox 591 3143 684 3206; x_wconf 85' lang='lat' dir='ltr'>tuos.</span> 
     </span>
    </p>
   </div>
   <div class='ocr_carea' id='block_1_21' title="bbox 52 3219 1022 3330">
    <p class='ocr_par' dir='ltr' id='par_1_39' title="bbox 52 3219 1022 3330">
     <span class='ocr_line' id='line_1_52' title="bbox 52 3219 1022 3330; baseline 0.007 -33"><span class='ocrx_word' id='word_1_236' title='bbox 52 3219 112 3297; x_wconf 75' lang='lat'>525</span> <span class='ocrx_word' id='word_1_237' title='bbox 150 3237 259 3306; x_wconf 80' lang='lat' dir='ltr'>Xisils.</span> <span class='ocrx_word' id='word_1_238' title='bbox 297 3233 418 3328; x_wconf 85' lang='lat' dir='ltr'>Quare</span> <span class='ocrx_word' id='word_1_239' title='bbox 439 3236 532 3328; x_wconf 80' lang='lat' dir='ltr'>fugis</span> <span class='ocrx_word' id='word_1_240' title='bbox 553 3261 629 3320; x_wconf 89' lang='lat' dir='ltr'>me,</span> <span class='ocrx_word' id='word_1_241' title='bbox 664 3259 744 3306; x_wconf 86' lang='lat' dir='ltr'>curn</span> <span class='ocrx_word' id='word_1_242' title='bbox 767 3257 937 3330; x_wconf 74' lang='lat' dir='ltr'>agnoscas</span> <span class='ocrx_word' id='word_1_243' title='bbox 960 3247 1022 3306; x_wconf 89' lang='lat' dir='ltr'>tua</span> 
     </span>
    </p>
   </div>
   <div class='ocr_carea' id='block_1_22' title="bbox 91 3335 1024 3638">
    <p class='ocr_par' dir='ltr' id='par_1_40' title="bbox 91 3335 1024 3638">
     <span class='ocr_line' id='line_1_53' title="bbox 447 3335 681 3412; baseline -0.013 -2"><span class='ocrx_word' id='word_1_244' title='bbox 447 3335 681 3412; x_wconf 73' lang='lat' dir='ltr'>charissima?</span> 
     </span>
     <span class='ocr_line' id='line_1_54' title="bbox 91 3437 1024 3538; baseline 0.01 -37"><span class='ocrx_word' id='word_1_245' title='bbox 91 3437 157 3506; x_wconf 83' lang='lat' dir='ltr'>Ion.</span> <span class='ocrx_word' id='word_1_246' title='bbox 183 3437 309 3510; x_wconf 89' lang='lat' dir='ltr'>Debeo</span> <span class='ocrx_word' id='word_1_247' title='bbox 320 3440 368 3538; x_wconf 59' lang='grc' dir='ltr'>θ’)</span> <span class='ocrx_word' id='word_1_248' title='bbox 384 3447 427 3510; x_wconf 84' lang='lat' dir='ltr'>ad</span> <span class='ocrx_word' id='word_1_249' title='bbox 442 3443 631 3512; x_wconf 86' lang='lat' dir='ltr'>sanitatem</span> <span class='ocrx_word' id='word_1_250' title='bbox 649 3463 817 3512; x_wconf 85' lang='lat' dir='ltr'>revocare</span> <span class='ocrx_word' id='word_1_251' title='bbox 833 3439 973 3536; x_wconf 88' lang='lat' dir='ltr'>ineptos</span> <span class='ocrx_word' id='word_1_252' title='bbox 989 3454 1024 3510; x_wconf 95' lang='lat' dir='ltr'>et</span> 
     </span>
     <span class='ocr_line' id='line_1_55' title="bbox 445 3539 830 3638; baseline 0 -26"><span class='ocrx_word' id='word_1_253' title='bbox 445 3543 589 3627; x_wconf 75' lang='lat' dir='ltr'>insanos</span> <span class='ocrx_word' id='word_1_254' title='bbox 605 3539 830 3638; x_wconf 79' lang='lat' dir='ltr'>hospites“).</span> 
     </span>
    </p>
   </div>
   <div class='ocr_carea' id='block_1_23' title="bbox 52 3633 232 3662">
    <p class='ocr_par' dir='ltr' id='par_1_41' title="bbox 52 3633 232 3662">
     <span class='ocr_line' id='line_1_56' title="bbox 52 3633 232 3662; baseline 0.006 -1"><span class='ocrx_word' id='word_1_255' title='bbox 52 3633 232 3662; x_wconf 64' lang='lat'>*··-———-</span> 
     </span>
    </p>
   </div>
   <div class='ocr_carea' id='block_1_24' title="bbox 71 3709 1051 5360">
    <p class='ocr_par' dir='ltr' id='par_1_42' title="bbox 139 3709 445 3776">
     <span class='ocr_line' id='line_1_57' title="bbox 139 3709 445 3776; baseline 0 -14"><span class='ocrx_word' id='word_1_256' title='bbox 139 3711 161 3762; x_wconf 93' lang='grc'><strong>0</strong></span> <span class='ocrx_word' id='word_1_257' title='bbox 180 3711 265 3763; x_wconf 78' lang='lat' dir='ltr'>Psuis</span> <span class='ocrx_word' id='word_1_258' title='bbox 284 3709 398 3776; x_wconf 83' lang='lat' dir='ltr'>seditio,</span> <span class='ocrx_word' id='word_1_259' title='bbox 417 3715 445 3764; x_wconf 89' lang='lat' dir='ltr'>et</span> 
     </span>
    </p>

    <p class='ocr_par' dir='ltr' id='par_1_43' title="bbox 134 3773 432 3850">
     <span class='ocr_line' id='line_1_58' title="bbox 134 3773 432 3850; baseline 0 -22"><span class='ocrx_word' id='word_1_260' title='bbox 134 3773 327 3844; x_wconf 62' lang='lat' dir='ltr'>frequentate</span> <span class='ocrx_word' id='word_1_261' title='bbox 343 3783 432 3850; x_wconf 81' lang='lat' dir='ltr'>petre,</span> 
     </span>
    </p>

    <p class='ocr_par' dir='ltr' id='par_1_44' title="bbox 137 3849 505 3916">
     <span class='ocr_line' id='line_1_59' title="bbox 137 3849 505 3916; baseline 0.011 -18"><span class='ocrx_word' id='word_1_262' title='bbox 137 3849 275 3902; x_wconf 74' lang='lat' dir='ltr'>Secessus</span> <span class='ocrx_word' id='word_1_263' title='bbox 295 3849 387 3914; x_wconf 77' lang='lat' dir='ltr'>iongis</span> <span class='ocrx_word' id='word_1_264' title='bbox 405 3851 505 3916; x_wconf 89' lang='lat' dir='ltr'>epuiis,</span> 
     </span>
    </p>

    <p class='ocr_par' dir='ltr' id='par_1_45' title="bbox 137 3919 577 3982">
     <span class='ocr_line' id='line_1_60' title="bbox 137 3919 577 3982; baseline 0.016 -14"><span class='ocrx_word' id='word_1_265' title='bbox 137 3919 187 3970; x_wconf 84' lang='lat' dir='ltr'>Ubi</span> <span class='ocrx_word' id='word_1_266' title='bbox 205 3921 326 3970; x_wconf 82' lang='lat' dir='ltr'>enoress</span> <span class='ocrx_word' id='word_1_267' title='bbox 344 3920 446 3970; x_wconf 82' lang='lat' dir='ltr'>ducunt</span> <span class='ocrx_word' id='word_1_268' title='bbox 464 3919 577 3982; x_wconf 77' lang='lat' dir='ltr'>petrose</span> 
     </span>
    </p>

    <p class='ocr_par' dir='ltr' id='par_1_46' title="bbox 135 3985 551 4055">
     <span class='ocr_line' id='line_1_61' title="bbox 135 3985 551 4055; baseline 0 -17"><span class='ocrx_word' id='word_1_269' title='bbox 135 3985 245 4038; x_wconf 72' lang='lat' dir='ltr'>Rustici</span> <span class='ocrx_word' id='word_1_270' title='bbox 262 3989 399 4050; x_wconf 80' lang='lat' dir='ltr'>nympisse</span> <span class='ocrx_word' id='word_1_271' title='bbox 417 3988 551 4055; x_wconf 75' lang='lat' dir='ltr'>triplices,</span> 
     </span>
    </p>

    <p class='ocr_par' dir='ltr' id='par_1_47' title="bbox 136 4055 761 4122">
     <span class='ocr_line' id='line_1_62' title="bbox 136 4055 761 4122; baseline 0.01 -17"><span class='ocrx_word' id='word_1_272' title='bbox 136 4055 190 4106; x_wconf 80' lang='lat' dir='ltr'>Per</span> <span class='ocrx_word' id='word_1_273' title='bbox 208 4057 312 4107; x_wconf 81' lang='lat' dir='ltr'>viridis</span> <span class='ocrx_word' id='word_1_274' title='bbox 328 4057 419 4107; x_wconf 80' lang='lat' dir='ltr'>stsdis</span> <span class='ocrx_word' id='word_1_275' title='bbox 434 4060 500 4110; x_wconf 85' lang='lat' dir='ltr'>sote</span> <span class='ocrx_word' id='word_1_276' title='bbox 518 4055 642 4120; x_wconf 59' lang='lat' dir='ltr'>rsus&amp;</span> <span class='ocrx_word' id='word_1_277' title='bbox 658 4057 761 4122; x_wconf 67' lang='lat' dir='ltr'>tuph</span> 
     </span>
    </p>

    <p class='ocr_par' dir='ltr' id='par_1_48' title="bbox 135 4120 626 4178">
     <span class='ocr_line' id='line_1_63' title="bbox 135 4120 626 4178; baseline -0.002 -2"><span class='ocrx_word' id='word_1_278' title='bbox 135 4125 309 4178; x_wconf 70' lang='lat' dir='ltr'>Bistuisrun</span> <span class='ocrx_word' id='word_1_279' title='bbox 329 4127 383 4176; x_wconf 80' lang='lat' dir='ltr'>suo</span> <span class='ocrx_word' id='word_1_280' title='bbox 400 4126 480 4177; x_wconf 83' lang='lat' dir='ltr'>saris</span> <span class='ocrx_word' id='word_1_281' title='bbox 622 4120 626 4129; x_wconf 91' lang='lat'>&#39;</span> 
     </span>
    </p>

    <p class='ocr_par' dir='ltr' id='par_1_49' title="bbox 135 4193 539 4258">
     <span class='ocr_line' id='line_1_64' title="bbox 135 4193 539 4258; baseline 0.01 -16"><span class='ocrx_word' id='word_1_282' title='bbox 135 4193 347 4248; x_wconf 80' lang='lat' dir='ltr'>vociterstioue</span> <span class='ocrx_word' id='word_1_283' title='bbox 365 4195 539 4258; x_wconf 75' lang='lat' dir='ltr'>tymnorum,</span> 
     </span>
    </p>

    <p class='ocr_par' dir='ltr' id='par_1_50' title="bbox 137 4263 575 4324">
     <span class='ocr_line' id='line_1_65' title="bbox 137 4263 575 4324; baseline -0.007 -12"><span class='ocrx_word' id='word_1_284' title='bbox 137 4264 254 4324; x_wconf 75' lang='lat' dir='ltr'>ousudo</span> <span class='ocrx_word' id='word_1_285' title='bbox 273 4263 302 4312; x_wconf 91' lang='lat' dir='ltr'>iu</span> <span class='ocrx_word' id='word_1_286' title='bbox 319 4265 384 4314; x_wconf 84' lang='lat' dir='ltr'>aute</span> <span class='ocrx_word' id='word_1_287' title='bbox 400 4263 469 4314; x_wconf 79' lang='lat' dir='ltr'>titis</span> <span class='ocrx_word' id='word_1_288' title='bbox 485 4264 575 4324; x_wconf 72' lang='lat' dir='ltr'>ornis,</span> 
     </span>
    </p>

    <p class='ocr_par' dir='ltr' id='par_1_51' title="bbox 138 4331 575 4398">
     <span class='ocr_line' id='line_1_66' title="bbox 138 4331 575 4398; baseline 0.002 -14"><span class='ocrx_word' id='word_1_289' title='bbox 138 4331 161 4384; x_wconf 88' lang='grc'><strong>0</strong></span> <span class='ocrx_word' id='word_1_290' title='bbox 179 4332 256 4398; x_wconf 76' lang='lat' dir='ltr'>Pru,</span> <span class='ocrx_word' id='word_1_291' title='bbox 276 4332 331 4382; x_wconf 87' lang='lat' dir='ltr'>tuis</span> <span class='ocrx_word' id='word_1_292' title='bbox 348 4332 411 4385; x_wconf 83' lang='lat' dir='ltr'>istis</span> <span class='ocrx_word' id='word_1_293' title='bbox 428 4334 455 4382; x_wconf 89' lang='lat' dir='ltr'>io</span> <span class='ocrx_word' id='word_1_294' title='bbox 473 4331 575 4396; x_wconf 62' lang='lat' dir='ltr'>sutrio,</span> 
     </span>
    </p>

    <p class='ocr_par' dir='ltr' id='par_1_52' title="bbox 134 4401 468 4464">
     <span class='ocr_line' id='line_1_67' title="bbox 134 4401 468 4464; baseline 0 -12"><span class='ocrx_word' id='word_1_295' title='bbox 134 4401 186 4452; x_wconf 82' lang='lat' dir='ltr'>Ubi</span> <span class='ocrx_word' id='word_1_296' title='bbox 204 4401 319 4464; x_wconf 86' lang='lat' dir='ltr'>periens</span> <span class='ocrx_word' id='word_1_297' title='bbox 335 4401 468 4464; x_wconf 73' lang='lat' dir='ltr'>quietem</span> 
     </span>
    </p>

    <p class='ocr_par' dir='ltr' id='par_1_53' title="bbox 137 4465 704 4538">
     <span class='ocr_line' id='line_1_68' title="bbox 137 4465 704 4538; baseline -0.004 -18"><span class='ocrx_word' id='word_1_298' title='bbox 137 4471 247 4538; x_wconf 67' lang='lat' dir='ltr'>virgo,</span> <span class='ocrx_word' id='word_1_299' title='bbox 268 4481 285 4520; x_wconf 92' lang='lat' dir='ltr'><strong>o</strong></span> <span class='ocrx_word' id='word_1_300' title='bbox 305 4471 426 4534; x_wconf 82' lang='lat' dir='ltr'>misere,</span> <span class='ocrx_word' id='word_1_301' title='bbox 444 4471 577 4522; x_wconf 76' lang='lat' dir='ltr'>monson</span> <span class='ocrx_word' id='word_1_302' title='bbox 595 4465 704 4520; x_wconf 74' lang='lat' dir='ltr'>Phoebo</span> 
     </span>
    </p>

    <p class='ocr_par' dir='ltr' id='par_1_54' title="bbox 136 4537 589 4602">
     <span class='ocr_line' id='line_1_69' title="bbox 136 4537 589 4602; baseline 0 -12"><span class='ocrx_word' id='word_1_303' title='bbox 136 4539 307 4592; x_wconf 79' lang='lat' dir='ltr'>volucribus</span> <span class='ocrx_word' id='word_1_304' title='bbox 325 4539 454 4602; x_wconf 79' lang='lat' dir='ltr'>exposuit</span> <span class='ocrx_word' id='word_1_305' title='bbox 471 4537 589 4602; x_wconf 72' lang='lat' dir='ltr'>epulum,</span> 
     </span>
    </p>

    <p class='ocr_par' dir='ltr' id='par_1_55' title="bbox 137 4607 664 4660">
     <span class='ocr_line' id='line_1_70' title="bbox 137 4607 664 4660; baseline -0.002 0"><span class='ocrx_word' id='word_1_306' title='bbox 137 4609 173 4660; x_wconf 84' lang='lat' dir='ltr'>iit</span> <span class='ocrx_word' id='word_1_307' title='bbox 192 4609 265 4660; x_wconf 85' lang='lat' dir='ltr'>ieris</span> <span class='ocrx_word' id='word_1_308' title='bbox 283 4611 424 4660; x_wconf 77' lang='lat' dir='ltr'>eruentem</span> <span class='ocrx_word' id='word_1_309' title='bbox 660 4607 664 4618; x_wconf 94' lang='lat'>&#39;</span> 
     </span>
    </p>

    <p class='ocr_par' dir='ltr' id='par_1_56' title="bbox 137 4675 587 4742">
     <span class='ocr_line' id='line_1_71' title="bbox 137 4675 587 4742; baseline -0.007 -13"><span class='ocrx_word' id='word_1_310' title='bbox 137 4677 277 4742; x_wconf 79' lang='lat' dir='ltr'>coenem,</span> <span class='ocrx_word' id='word_1_311' title='bbox 294 4677 414 4728; x_wconf 84' lang='lat' dir='ltr'>tristium</span> <span class='ocrx_word' id='word_1_312' title='bbox 433 4675 587 4740; x_wconf 72' lang='lat' dir='ltr'>nuptiarum</span> 
     </span>
    </p>

    <p class='ocr_par' dir='ltr' id='par_1_57' title="bbox 138 4737 902 4810">
     <span class='ocr_line' id='line_1_72' title="bbox 138 4737 902 4810; baseline -0.008 -14"><span class='ocrx_word' id='word_1_313' title='bbox 138 4745 259 4810; x_wconf 80' lang='lat' dir='ltr'>Propter</span> <span class='ocrx_word' id='word_1_314' title='bbox 278 4746 421 4806; x_wconf 76' lang='lat' dir='ltr'>iniurisn,</span> <span class='ocrx_word' id='word_1_315' title='bbox 440 4757 526 4808; x_wconf 74' lang='lat' dir='ltr'>nonus</span> <span class='ocrx_word' id='word_1_316' title='bbox 544 4745 579 4796; x_wconf 83' lang='lat' dir='ltr'>sd</span> <span class='ocrx_word' id='word_1_317' title='bbox 598 4743 697 4800; x_wconf 85' lang='lat' dir='ltr'>teisrn,</span> <span class='ocrx_word' id='word_1_318' title='bbox 716 4753 803 4805; x_wconf 72' lang='lat' dir='ltr'>esses</span> <span class='ocrx_word' id='word_1_319' title='bbox 821 4737 902 4790; x_wconf 79' lang='lat' dir='ltr'>dictis</span> 
     </span>
    </p>

    <p class='ocr_par' dir='ltr' id='par_1_58' title="bbox 137 4811 677 4874">
     <span class='ocr_line' id='line_1_73' title="bbox 137 4811 677 4874; baseline -0.007 -10"><span class='ocrx_word' id='word_1_320' title='bbox 137 4815 252 4866; x_wconf 71' lang='lat' dir='ltr'>itsrosn</span> <span class='ocrx_word' id='word_1_321' title='bbox 270 4816 365 4866; x_wconf 77' lang='lat' dir='ltr'>rudivi</span> <span class='ocrx_word' id='word_1_322' title='bbox 383 4817 520 4866; x_wconf 74' lang='lat' dir='ltr'>torturis·</span> <span class='ocrx_word' id='word_1_323' title='bbox 536 4811 677 4874; x_wconf 81' lang='lat' dir='ltr'>consequi.</span> 
     </span>
    </p>

    <p class='ocr_par' dir='ltr' id='par_1_59' title="bbox 137 4882 647 4936">
     <span class='ocr_line' id='line_1_74' title="bbox 137 4882 647 4936; baseline -0.012 -2"><span class='ocrx_word' id='word_1_324' title='bbox 137 4886 160 4934; x_wconf 83' lang='grc' dir='ltr'><strong>Α</strong></span> <span class='ocrx_word' id='word_1_325' title='bbox 179 4885 243 4936; x_wconf 86' lang='lat' dir='ltr'>Diis</span> <span class='ocrx_word' id='word_1_326' title='bbox 262 4883 362 4936; x_wconf 79' lang='lat' dir='ltr'>deutur</span> <span class='ocrx_word' id='word_1_327' title='bbox 378 4883 459 4936; x_wconf 82' lang='lat' dir='ltr'>liberi</span> <span class='ocrx_word' id='word_1_328' title='bbox 475 4882 647 4934; x_wconf 64' lang='lat' dir='ltr'>nortatibus.</span> 
     </span>
    </p>

    <p class='ocr_par' dir='ltr' id='par_1_60' title="bbox 71 4943 1051 5224">
     <span class='ocr_line' id='line_1_75' title="bbox 71 4943 1050 5031; baseline -0.008 -31"><span class='ocrx_word' id='word_1_329' title='bbox 71 4947 134 5014; x_wconf 77' lang='lat' dir='ltr'>sss)</span> <span class='ocrx_word' id='word_1_330' title='bbox 154 4953 181 5002; x_wconf 87' lang='lat' dir='ltr'>si</span> <span class='ocrx_word' id='word_1_331' title='bbox 198 4953 291 5019; x_wconf 71' lang='lat' dir='ltr'>iugis,</span> <span class='ocrx_word' id='word_1_332' title='bbox 308 4948 486 5018; x_wconf 74' lang='lat' dir='ltr'>consequen]</span> <span class='ocrx_word' id='word_1_333' title='bbox 503 4952 545 5002; x_wconf 89' lang='lat' dir='ltr'>sio</span> <span class='ocrx_word' id='word_1_334' title='bbox 562 4951 644 5002; x_wconf 77' lang='lat' dir='ltr'>uuirt</span> <span class='ocrx_word' id='word_1_335' title='bbox 661 4947 747 5012; x_wconf 70' lang='grc'><strong>1110,</strong></span> <span class='ocrx_word' id='word_1_336' title='bbox 766 4945 841 4998; x_wconf 71' lang='lat' dir='ltr'>teos.</span> <span class='ocrx_word' id='word_1_337' title='bbox 859 4943 925 5010; x_wconf 84' lang='lat' dir='ltr'>(ito.</span> <span class='ocrx_word' id='word_1_338' title='bbox 939 4944 1021 4996; x_wconf 81' lang='lat' dir='ltr'>ossii.</span> <span class='ocrx_word' id='word_1_339' title='bbox 1046 4948 1050 5031; x_wconf 55' lang='lat' dir='ltr'>i</span> 
     </span>
     <span class='ocr_line' id='line_1_76' title="bbox 106 5011 1051 5088; baseline -0.01 -20"><span class='ocrx_word' id='word_1_340' title='bbox 106 5021 180 5072; x_wconf 79' lang='lat' dir='ltr'>teet.</span> <span class='ocrx_word' id='word_1_341' title='bbox 200 5021 227 5072; x_wconf 87' lang='lat' dir='ltr'>si</span> <span class='ocrx_word' id='word_1_342' title='bbox 243 5023 347 5088; x_wconf 67' lang='grc' dir='ltr'><strong><em>φυγεῖν</em></strong></span> <span class='ocrx_word' id='word_1_343' title='bbox 363 5018 519 5088; x_wconf 52' lang='lat' dir='ltr'>ipseper„</span> <span class='ocrx_word' id='word_1_344' title='bbox 535 5019 735 5072; x_wconf 70' lang='lat' dir='ltr'>succrecens.</span> <span class='ocrx_word' id='word_1_345' title='bbox 753 5015 779 5068; x_wconf 81' lang='lat' dir='ltr'>si</span> <span class='ocrx_word' id='word_1_346' title='bbox 795 5013 888 5082; x_wconf 70' lang='grc' dir='ltr'><strong><em>φιλεῖν</em></strong></span> <span class='ocrx_word' id='word_1_347' title='bbox 900 5011 1023 5084; x_wconf 57' lang='grc' dir='ltr'>ἐφίεμαι.</span> <span class='ocrx_word' id='word_1_348' title='bbox 1047 5034 1051 5083; x_wconf 61' lang='grc' dir='ltr'>Ι</span> 
     </span>
     <span class='ocr_line' id='line_1_77' title="bbox 104 5089 1051 5152; baseline -0.002 -12"><span class='ocrx_word' id='word_1_349' title='bbox 104 5111 137 5126; x_wconf 86' lang='grc'>-</span> <span class='ocrx_word' id='word_1_350' title='bbox 154 5091 237 5142; x_wconf 67' lang='lat' dir='ltr'>Fir:</span> <span class='ocrx_word' id='word_1_351' title='bbox 257 5091 284 5140; x_wconf 93' lang='lat' dir='ltr'>si</span> <span class='ocrx_word' id='word_1_352' title='bbox 300 5091 379 5152; x_wconf 89' lang='lat' dir='ltr'>cupio</span> <span class='ocrx_word' id='word_1_353' title='bbox 398 5089 564 5142; x_wconf 83' lang='lat' dir='ltr'>deosonisrl.</span> <span class='ocrx_word' id='word_1_354' title='bbox 1047 5090 1051 5113; x_wconf 81' lang='lat'><strong>¹</strong></span> 
     </span>
     <span class='ocr_line' id='line_1_78' title="bbox 71 5147 1027 5224; baseline -0.017 -9"><span class='ocrx_word' id='word_1_355' title='bbox 71 5153 118 5214; x_wconf 78' lang='lat'>⁸⁸)</span> <span class='ocrx_word' id='word_1_356' title='bbox 137 5155 244 5224; x_wconf 75' lang='lat' dir='ltr'>oeteo]</span> <span class='ocrx_word' id='word_1_357' title='bbox 271 5147 532 5221; x_wconf 73' lang='lat' dir='ltr'>nocuerim,</span> <span class='ocrx_word' id='word_1_358' title='bbox 559 5155 633 5210; x_wconf 83' lang='lat' dir='ltr'>ress.</span> <span class='ocrx_word' id='word_1_359' title='bbox 658 5153 706 5218; x_wconf 62' lang='grc' dir='ltr'>(ε.</span> <span class='ocrx_word' id='word_1_360' title='bbox 724 5151 809 5204; x_wconf 78' lang='lat' dir='ltr'>rotet</span> <span class='ocrx_word' id='word_1_361' title='bbox 831 5151 916 5204; x_wconf 67' lang='lat' dir='ltr'>meo.</span> <span class='ocrx_word' id='word_1_362' title='bbox 938 5151 1027 5214; x_wconf 74' lang='lat' dir='ltr'>isos,</span> 
     </span>
    </p>

    <p class='ocr_par' dir='ltr' id='par_1_61' title="bbox 104 5217 1024 5360">
     <span class='ocr_line' id='line_1_79' title="bbox 104 5217 1024 5293; baseline -0.007 -17"><span class='ocrx_word' id='word_1_363' title='bbox 104 5225 211 5290; x_wconf 68' lang='lat' dir='ltr'>liosgr.</span> <span class='ocrx_word' id='word_1_364' title='bbox 236 5225 384 5293; x_wconf 65' lang='lat' dir='ltr'>&#39;Opeliene</span> <span class='ocrx_word' id='word_1_365' title='bbox 420 5227 520 5290; x_wconf 68' lang='lat' dir='ltr'>Herm,</span> <span class='ocrx_word' id='word_1_366' title='bbox 552 5225 612 5278; x_wconf 74' lang='lat' dir='ltr'>rte.</span> <span class='ocrx_word' id='word_1_367' title='bbox 642 5217 681 5272; x_wconf 82' lang='lat' dir='ltr'>oi</span> <span class='ocrx_word' id='word_1_368' title='bbox 708 5219 781 5288; x_wconf 74' lang='grc' dir='ltr'><strong><em>φιλοῖ</em></strong></span> <span class='ocrx_word' id='word_1_369' title='bbox 807 5245 841 5258; x_wconf 93' lang='lat'>-</span> <span class='ocrx_word' id='word_1_370' title='bbox 868 5223 928 5271; x_wconf 77' lang='lat' dir='ltr'>iios</span> <span class='ocrx_word' id='word_1_371' title='bbox 961 5230 1024 5270; x_wconf 77' lang='lat' dir='ltr'>eno</span> 
     </span>
     <span class='ocr_line' id='line_1_80' title="bbox 106 5289 572 5360; baseline 0 -16"><span class='ocrx_word' id='word_1_372' title='bbox 106 5289 228 5360; x_wconf 72' lang='lat' dir='ltr'>(iiusgr.</span> <span class='ocrx_word' id='word_1_373' title='bbox 247 5296 274 5346; x_wconf 85' lang='lat' dir='ltr'>in</span> <span class='ocrx_word' id='word_1_374' title='bbox 292 5295 423 5358; x_wconf 70' lang='lat' dir='ltr'>interpr:</span> <span class='ocrx_word' id='word_1_375' title='bbox 442 5294 513 5354; x_wconf 75' lang='lat' dir='ltr'>ouis</span> <span class='ocrx_word' id='word_1_376' title='bbox 528 5303 572 5344; x_wconf 78' lang='lat' dir='ltr'>err</span> 
     </span>
    </p>
   </div>
   <div class='ocr_carea' id='block_1_25' title="bbox 1125 2099 2065 3024">
    <p class='ocr_par' dir='ltr' id='par_1_62' title="bbox 1128 2099 1942 2196">
     <span class='ocr_line' id='line_1_81' title="bbox 1128 2099 1942 2196; baseline 0.007 -20"><span class='ocrx_word' id='word_1_377' title='bbox 1128 2106 1239 2176; x_wconf 67' lang='lat' dir='ltr'>rusi.</span> <span class='ocrx_word' id='word_1_378' title='bbox 1264 2099 1356 2174; x_wconf 89' lang='lat' dir='ltr'>Mihi</span> <span class='ocrx_word' id='word_1_379' title='bbox 1372 2103 1569 2196; x_wconf 78' lang='lat' dir='ltr'>egredienti</span> <span class='ocrx_word' id='word_1_380' title='bbox 1583 2127 1626 2174; x_wconf 86' lang='lat' dir='ltr'>ex</span> <span class='ocrx_word' id='word_1_381' title='bbox 1641 2100 1697 2178; x_wconf 88' lang='lat' dir='ltr'>his</span> <span class='ocrx_word' id='word_1_382' title='bbox 1712 2107 1872 2194; x_wconf 84' lang='lat' dir='ltr'>aedibus,</span> <span class='ocrx_word' id='word_1_383' title='bbox 1890 2150 1942 2166; x_wconf 93' lang='lat'><em>-</em></span> 
     </span>
    </p>

    <p class='ocr_par' dir='ltr' id='par_1_63' title="bbox 1129 2205 1827 2298">
     <span class='ocr_line' id='line_1_82' title="bbox 1129 2205 1827 2298; baseline 0.006 -20"><span class='ocrx_word' id='word_1_384' title='bbox 1129 2211 1203 2278; x_wconf 82' lang='lat' dir='ltr'>loss.</span> <span class='ocrx_word' id='word_1_385' title='bbox 1226 2205 1324 2298; x_wconf 87' lang='lat' dir='ltr'>Quid</span> <span class='ocrx_word' id='word_1_386' title='bbox 1335 2207 1517 2292; x_wconf 82' lang='lat' dir='ltr'>futurum,</span> <span class='ocrx_word' id='word_1_387' title='bbox 1540 2205 1649 2278; x_wconf 87' lang='lat' dir='ltr'>utilli</span> <span class='ocrx_word' id='word_1_388' title='bbox 1666 2209 1827 2296; x_wconf 80' lang='lat' dir='ltr'>accidat?</span> 
     </span>
    </p>

    <p class='ocr_par' dir='ltr' id='par_1_64' title="bbox 1127 2307 1616 2382">
     <span class='ocr_line' id='line_1_83' title="bbox 1127 2307 1616 2382; baseline 0.002 -1"><span class='ocrx_word' id='word_1_389' title='bbox 1127 2312 1238 2381; x_wconf 82' lang='lat' dir='ltr'>Xuils.</span> <span class='ocrx_word' id='word_1_390' title='bbox 1263 2307 1385 2382; x_wconf 85' lang='lat' dir='ltr'>Meum</span> <span class='ocrx_word' id='word_1_391' title='bbox 1399 2333 1474 2382; x_wconf 87' lang='lat' dir='ltr'>esse</span> <span class='ocrx_word' id='word_1_392' title='bbox 1489 2309 1616 2382; x_wconf 84' lang='lat' dir='ltr'>filium.</span> 
     </span>
    </p>

    <p class='ocr_par' dir='ltr' id='par_1_65' title="bbox 1127 2409 1804 2506">
     <span class='ocr_line' id='line_1_84' title="bbox 1127 2409 1804 2506; baseline 0.006 -24"><span class='ocrx_word' id='word_1_393' title='bbox 1127 2415 1201 2482; x_wconf 83' lang='lat' dir='ltr'>lon.</span> <span class='ocrx_word' id='word_1_394' title='bbox 1225 2409 1280 2482; x_wconf 87' lang='lat' dir='ltr'>Ex</span> <span class='ocrx_word' id='word_1_395' title='bbox 1295 2425 1330 2482; x_wconf 88' lang='lat' dir='ltr'>te</span> <span class='ocrx_word' id='word_1_396' title='bbox 1343 2425 1468 2484; x_wconf 86' lang='lat' dir='ltr'>natum</span> <span class='ocrx_word' id='word_1_397' title='bbox 1488 2425 1551 2483; x_wconf 92' lang='lat' dir='ltr'>aut</span> <span class='ocrx_word' id='word_1_398' title='bbox 1568 2413 1804 2506; x_wconf 82' lang='lat' dir='ltr'>adoptivum?</span> 
     </span>
    </p>

    <p class='ocr_par' dir='ltr' id='par_1_66' title="bbox 1125 2513 1907 2600">
     <span class='ocr_line' id='line_1_85' title="bbox 1125 2513 1907 2600; baseline 0.005 -14"><span class='ocrx_word' id='word_1_399' title='bbox 1125 2517 1234 2586; x_wconf 70' lang='lat' dir='ltr'>xcii.</span> <span class='ocrx_word' id='word_1_400' title='bbox 1255 2513 1423 2600; x_wconf 91' lang='lat' dir='ltr'>Donum,</span> <span class='ocrx_word' id='word_1_401' title='bbox 1442 2527 1477 2586; x_wconf 90' lang='lat' dir='ltr'>ct</span> <span class='ocrx_word' id='word_1_402' title='bbox 1495 2529 1616 2586; x_wconf 89' lang='lat' dir='ltr'>tameo</span> <span class='ocrx_word' id='word_1_403' title='bbox 1630 2530 1755 2591; x_wconf 89' lang='lat' dir='ltr'>uatum</span> <span class='ocrx_word' id='word_1_404' title='bbox 1773 2543 1816 2590; x_wconf 87' lang='lat' dir='ltr'>er</span> <span class='ocrx_word' id='word_1_405' title='bbox 1829 2543 1907 2590; x_wconf 81' lang='lat' dir='ltr'>rue.-</span> 
     </span>
    </p>

    <p class='ocr_par' dir='ltr' id='par_1_67' title="bbox 1126 2613 2065 2808">
     <span class='ocr_line' id='line_1_86' title="bbox 1126 2613 2065 2714; baseline 0.011 -26"><span class='ocrx_word' id='word_1_406' title='bbox 1126 2621 1202 2688; x_wconf 82' lang='lat' dir='ltr'>Ion.</span> <span class='ocrx_word' id='word_1_407' title='bbox 1218 2617 1382 2690; x_wconf 88' lang='lat' dir='ltr'>Primum</span> <span class='ocrx_word' id='word_1_408' title='bbox 1399 2613 1584 2711; x_wconf 84' lang='lat' dir='ltr'>ergomihi</span> <span class='ocrx_word' id='word_1_409' title='bbox 1598 2619 1785 2712; x_wconf 79' lang='lat' dir='ltr'>coniungis</span> <span class='ocrx_word' id='word_1_410' title='bbox 1792 2623 1919 2714; x_wconf 83' lang='lat' dir='ltr'>pedem</span> <span class='ocrx_word' id='word_1_411' title='bbox 1936 2627 2065 2712; x_wconf 74' lang='lat' dir='ltr'>tuum?</span> 
     </span>
     <span class='ocr_line' id='line_1_87' title="bbox 1126 2720 1606 2808; baseline 0 -16"><span class='ocrx_word' id='word_1_412' title='bbox 1126 2723 1237 2794; x_wconf 71' lang='lat' dir='ltr'>loni.</span> <span class='ocrx_word' id='word_1_413' title='bbox 1258 2720 1343 2794; x_wconf 88' lang='lat' dir='ltr'>Non</span> <span class='ocrx_word' id='word_1_414' title='bbox 1357 2722 1481 2808; x_wconf 83' lang='lat' dir='ltr'>alteri,</span> <span class='ocrx_word' id='word_1_415' title='bbox 1505 2721 1606 2792; x_wconf 88' lang='lat' dir='ltr'>oiili.</span> 
     </span>
    </p>

    <p class='ocr_par' dir='ltr' id='par_1_68' title="bbox 1125 2819 1946 3024">
     <span class='ocr_line' id='line_1_88' title="bbox 1125 2819 1946 2916; baseline -0.006 -21"><span class='ocrx_word' id='word_1_416' title='bbox 1125 2828 1200 2896; x_wconf 83' lang='lat' dir='ltr'>loss.</span> <span class='ocrx_word' id='word_1_417' title='bbox 1223 2823 1331 2898; x_wconf 90' lang='lat' dir='ltr'>Unde</span> <span class='ocrx_word' id='word_1_418' title='bbox 1347 2825 1446 2898; x_wconf 87' lang='lat' dir='ltr'>venit</span> <span class='ocrx_word' id='word_1_419' title='bbox 1461 2819 1550 2898; x_wconf 89' lang='lat' dir='ltr'>hacc</span> <span class='ocrx_word' id='word_1_420' title='bbox 1565 2823 1736 2915; x_wconf 77' lang='lat' dir='ltr'>fortuna?</span> <span class='ocrx_word' id='word_1_421' title='bbox 1942 2909 1946 2916; x_wconf 88' lang='lat'>.</span> 
     </span>
     <span class='ocr_line' id='line_1_89' title="bbox 1126 2928 1937 3024; baseline 0.007 -28"><span class='ocrx_word' id='word_1_422' title='bbox 1126 2929 1236 2998; x_wconf 67' lang='lat' dir='ltr'>Xon.</span> <span class='ocrx_word' id='word_1_423' title='bbox 1259 2929 1419 3023; x_wconf 84' lang='lat' dir='ltr'>Uterque</span> <span class='ocrx_word' id='word_1_424' title='bbox 1437 2929 1612 3001; x_wconf 82' lang='lat' dir='ltr'>miramur</span> <span class='ocrx_word' id='word_1_425' title='bbox 1628 2929 1777 3016; x_wconf 82' lang='lat' dir='ltr'>eandem</span> <span class='ocrx_word' id='word_1_426' title='bbox 1795 2952 1870 3001; x_wconf 88' lang='lat' dir='ltr'>rem</span> <span class='ocrx_word' id='word_1_427' title='bbox 1878 2928 1937 3024; x_wconf 79' lang='lat'>⁰⁵).</span> 
     </span>
    </p>
   </div>
   <div class='ocr_carea' id='block_1_26' title="bbox 1075 3118 1280 3132">
    <p class='ocr_par' dir='ltr' id='par_1_69' title="bbox 1075 3118 1280 3132">
     <span class='ocr_line' id='line_1_90' title="bbox 1075 3118 1280 3132; baseline -0.01 -4"><span class='ocrx_word' id='word_1_428' title='bbox 1075 3118 1280 3132; x_wconf 71' lang='lat'>—--.......-</span> 
     </span>
    </p>
   </div>
   <div class='ocr_carea' id='block_1_27' title="bbox 1176 3223 2064 5352">
    <p class='ocr_par' dir='ltr' id='par_1_70' title="bbox 1178 3223 2064 3980">
     <span class='ocr_line' id='line_1_91' title="bbox 1178 3223 2064 3296; baseline 0.008 -19"><span class='ocrx_word' id='word_1_429' title='bbox 1178 3223 1240 3280; x_wconf 85' lang='lat' dir='ltr'>Ios.</span> <span class='ocrx_word' id='word_1_430' title='bbox 1272 3225 1296 3280; x_wconf 94' lang='grc'><strong>0</strong></span> <span class='ocrx_word' id='word_1_431' title='bbox 1320 3226 1439 3278; x_wconf 87' lang='lat' dir='ltr'>suctitse</span> <span class='ocrx_word' id='word_1_432' title='bbox 1463 3224 1609 3290; x_wconf 77' lang='lat' dir='ltr'>utiliores,</span> <span class='ocrx_word' id='word_1_433' title='bbox 1641 3237 1711 3290; x_wconf 84' lang='lat' dir='ltr'>quse</span> <span class='ocrx_word' id='word_1_434' title='bbox 1735 3227 1830 3276; x_wconf 78' lang='lat' dir='ltr'>terum</span> <span class='ocrx_word' id='word_1_435' title='bbox 1860 3225 1935 3282; x_wconf 82' lang='lat' dir='ltr'>eires</span> <span class='ocrx_word' id='word_1_436' title='bbox 1958 3231 2064 3296; x_wconf 88' lang='lat' dir='ltr'>poipits</span> 
     </span>
     <span class='ocr_line' id='line_1_92' title="bbox 1179 3293 1994 3432; baseline 0.006 -16"><span class='ocrx_word' id='word_1_437' title='bbox 1179 3369 1326 3416; x_wconf 77' lang='lat' dir='ltr'>secessum</span> <span class='ocrx_word' id='word_1_438' title='bbox 1346 3293 1657 3416; x_wconf 57' lang='lat' dir='ltr'>statiouersdoinddidtn</span> <span class='ocrx_word' id='word_1_439' title='bbox 1675 3361 1814 3416; x_wconf 82' lang='lat' dir='ltr'>ioutoum</span> <span class='ocrx_word' id='word_1_440' title='bbox 1832 3367 1994 3432; x_wconf 76' lang='lat' dir='ltr'>expectetis,</span> 
     </span>
     <span class='ocr_line' id='line_1_93' title="bbox 1179 3433 1991 3498; baseline 0 -12"><span class='ocrx_word' id='word_1_441' title='bbox 1179 3433 1299 3498; x_wconf 75' lang='lat' dir='ltr'>Reliquit</span> <span class='ocrx_word' id='word_1_442' title='bbox 1315 3433 1368 3484; x_wconf 81' lang='lat' dir='ltr'>tsu</span> <span class='ocrx_word' id='word_1_443' title='bbox 1386 3443 1495 3484; x_wconf 82' lang='lat' dir='ltr'>reorum</span> <span class='ocrx_word' id='word_1_444' title='bbox 1513 3433 1647 3495; x_wconf 86' lang='lat' dir='ltr'>tripodem</span> <span class='ocrx_word' id='word_1_445' title='bbox 1669 3435 1698 3483; x_wconf 84' lang='lat' dir='ltr'>st</span> <span class='ocrx_word' id='word_1_446' title='bbox 1716 3433 1803 3482; x_wconf 82' lang='lat' dir='ltr'>iocum</span> <span class='ocrx_word' id='word_1_447' title='bbox 1821 3437 1991 3488; x_wconf 71' lang='lat' dir='ltr'>vaticinandi</span> 
     </span>
     <span class='ocr_line' id='line_1_94' title="bbox 1179 3497 2063 3568; baseline 0.002 -13"><span class='ocrx_word' id='word_1_448' title='bbox 1179 3497 1311 3555; x_wconf 78' lang='lat' dir='ltr'>xottusi</span> <span class='ocrx_word' id='word_1_449' title='bbox 1334 3505 1382 3552; x_wconf 86' lang='lat' dir='ltr'>sut</span> <span class='ocrx_word' id='word_1_450' title='bbox 1402 3501 1478 3552; x_wconf 87' lang='lat' dir='ltr'>totus</span> <span class='ocrx_word' id='word_1_451' title='bbox 1496 3503 1604 3568; x_wconf 81' lang='lat' dir='ltr'>meoet,</span> <span class='ocrx_word' id='word_1_452' title='bbox 1630 3511 1749 3566; x_wconf 84' lang='lat' dir='ltr'>querens</span> <span class='ocrx_word' id='word_1_453' title='bbox 1769 3501 1803 3551; x_wconf 84' lang='lat' dir='ltr'>de</span> <span class='ocrx_word' id='word_1_454' title='bbox 1820 3503 1942 3556; x_wconf 67' lang='lat' dir='ltr'>orbitate</span> <span class='ocrx_word' id='word_1_455' title='bbox 1960 3504 2063 3558; x_wconf 75' lang='lat' dir='ltr'>iibere·</span> 
     </span>
     <span class='ocr_line' id='line_1_95' title="bbox 1179 3565 2063 3707; baseline 0.003 -15"><span class='ocrx_word' id='word_1_456' title='bbox 1179 3641 1264 3692; x_wconf 78' lang='lat' dir='ltr'>Cior.</span> <span class='ocrx_word' id='word_1_457' title='bbox 1291 3642 1369 3690; x_wconf 86' lang='lat' dir='ltr'>intus</span> <span class='ocrx_word' id='word_1_458' title='bbox 1388 3641 1451 3706; x_wconf 86' lang='lat' dir='ltr'>est,</span> <span class='ocrx_word' id='word_1_459' title='bbox 1474 3565 1630 3706; x_wconf 49' lang='lat' dir='ltr'>meires,</span> <span class='ocrx_word' id='word_1_460' title='bbox 1656 3639 1773 3692; x_wconf 83' lang='lat' dir='ltr'>nondum</span> <span class='ocrx_word' id='word_1_461' title='bbox 1798 3639 1905 3691; x_wconf 80' lang='lat' dir='ltr'>tonum</span> <span class='ocrx_word' id='word_1_462' title='bbox 1931 3655 2063 3707; x_wconf 76' lang='lat' dir='ltr'>egressus</span> 
     </span>
     <span class='ocr_line' id='line_1_96' title="bbox 1180 3711 2062 3843; baseline 0.002 -15"><span class='ocrx_word' id='word_1_463' title='bbox 1180 3779 1320 3842; x_wconf 70' lang='lat' dir='ltr'>reoque·</span> <span class='ocrx_word' id='word_1_464' title='bbox 1346 3791 1414 3830; x_wconf 82' lang='lat' dir='ltr'>sero</span> <span class='ocrx_word' id='word_1_465' title='bbox 1441 3777 1469 3830; x_wconf 86' lang='lat' dir='ltr'>iu</span> <span class='ocrx_word' id='word_1_466' title='bbox 1484 3711 1563 3830; x_wconf 54' lang='lat' dir='ltr'>:ditoni</span> <span class='ocrx_word' id='word_1_467' title='bbox 1581 3775 1719 3830; x_wconf 84' lang='lat' dir='ltr'>existente</span> <span class='ocrx_word' id='word_1_468' title='bbox 1737 3777 1831 3827; x_wconf 80' lang='lat' dir='ltr'>terum</span> <span class='ocrx_word' id='word_1_469' title='bbox 1849 3777 1976 3829; x_wconf 81' lang='lat' dir='ltr'>sudines</span> <span class='ocrx_word' id='word_1_470' title='bbox 1996 3793 2062 3843; x_wconf 85' lang='lat' dir='ltr'>por-</span> 
     </span>
     <span class='ocr_line' id='line_1_97' title="bbox 1179 3848 1916 3980; baseline -0.005 -10"><span class='ocrx_word' id='word_1_471' title='bbox 1179 3917 1321 3978; x_wconf 69' lang='lat' dir='ltr'>Sonitmos</span> <span class='ocrx_word' id='word_1_472' title='bbox 1340 3848 1711 3980; x_wconf 55' lang='lat' dir='ltr'>semiicen‘iidmoooinun</span> <span class='ocrx_word' id='word_1_473' title='bbox 1730 3915 1825 3966; x_wconf 84' lang='lat' dir='ltr'>videre</span> <span class='ocrx_word' id='word_1_474' title='bbox 1842 3915 1916 3966; x_wconf 87' lang='lat' dir='ltr'>iicet.</span> 
     </span>
    </p>

    <p class='ocr_par' dir='ltr' id='par_1_71' title="bbox 1179 3983 2060 4188">
     <span class='ocr_line' id='line_1_98' title="bbox 1179 3983 2060 4068; baseline -0.007 -28"><span class='ocrx_word' id='word_1_475' title='bbox 1179 3988 1270 4040; x_wconf 71' lang='lat' dir='ltr'>xire.</span> <span class='ocrx_word' id='word_1_476' title='bbox 1289 3988 1313 4039; x_wconf 88' lang='grc'><strong>0</strong></span> <span class='ocrx_word' id='word_1_477' title='bbox 1331 3987 1388 4052; x_wconf 76' lang='lat' dir='ltr'>flii,</span> <span class='ocrx_word' id='word_1_478' title='bbox 1407 3989 1504 4050; x_wconf 68' lang='lat' dir='ltr'>ssivse</span> <span class='ocrx_word' id='word_1_479' title='bbox 1523 3987 1573 4068; x_wconf 79' lang='lat' dir='ltr'>too</span> <span class='ocrx_word' id='word_1_480' title='bbox 1590 3987 1663 4068; x_wconf 75' lang='lat' dir='ltr'>epioe</span> <span class='ocrx_word' id='word_1_481' title='bbox 1680 3984 1821 4036; x_wconf 81' lang='lat' dir='ltr'>exordines</span> <span class='ocrx_word' id='word_1_482' title='bbox 1837 3983 1974 4034; x_wconf 75' lang='lat' dir='ltr'>sermonis</span> <span class='ocrx_word' id='word_1_483' title='bbox 1992 3995 2060 4035; x_wconf 85' lang='lat' dir='ltr'><strong>ooo·</strong></span> 
     </span>
     <span class='ocr_line' id='line_1_99' title="bbox 1181 4055 2059 4188; baseline -0.007 -12"><span class='ocrx_word' id='word_1_484' title='bbox 1181 4125 1243 4176; x_wconf 83' lang='lat' dir='ltr'>ios.</span> <span class='ocrx_word' id='word_1_485' title='bbox 1269 4123 1345 4174; x_wconf 83' lang='lat' dir='ltr'>sun</span> <span class='ocrx_word' id='word_1_486' title='bbox 1366 4055 1675 4188; x_wconf 47' lang='lat' dir='ltr'>sunmevterilireildmsis</span> <span class='ocrx_word' id='word_1_487' title='bbox 1691 4131 1794 4180; x_wconf 80' lang='lat' dir='ltr'>senos,</span> <span class='ocrx_word' id='word_1_488' title='bbox 1820 4122 1849 4170; x_wconf 89' lang='lat' dir='ltr'>et</span> <span class='ocrx_word' id='word_1_489' title='bbox 1865 4119 1918 4170; x_wconf 78' lang='lat' dir='ltr'>duo</span> <span class='ocrx_word' id='word_1_490' title='bbox 1937 4117 2059 4170; x_wconf 83' lang='lat' dir='ltr'>existen-</span> 
     </span>
    </p>

    <p class='ocr_par' dir='ltr' id='par_1_72' title="bbox 1492 4189 1812 4256">
     <span class='ocr_line' id='line_1_100' title="bbox 1492 4189 1812 4256; baseline 0.006 -16"><span class='ocrx_word' id='word_1_491' title='bbox 1492 4193 1553 4256; x_wconf 86' lang='lat' dir='ltr'>tes,</span> <span class='ocrx_word' id='word_1_492' title='bbox 1571 4193 1639 4240; x_wconf 85' lang='lat' dir='ltr'>beue</span> <span class='ocrx_word' id='word_1_493' title='bbox 1656 4189 1812 4242; x_wconf 70' lang='lat' dir='ltr'>ieiunus.</span> 
     </span>
    </p>

    <p class='ocr_par' dir='ltr' id='par_1_73' title="bbox 1179 4253 2059 4526">
     <span class='ocr_line' id='line_1_101' title="bbox 1179 4253 2059 4320; baseline -0.007 -6"><span class='ocrx_word' id='word_1_494' title='bbox 1179 4259 1271 4314; x_wconf 74' lang='grc'><strong>11111.</strong></span> <span class='ocrx_word' id='word_1_495' title='bbox 1294 4259 1338 4310; x_wconf 87' lang='lat' dir='ltr'>Ds</span> <span class='ocrx_word' id='word_1_496' title='bbox 1354 4269 1453 4310; x_wconf 82' lang='lat' dir='ltr'>mersus</span> <span class='ocrx_word' id='word_1_497' title='bbox 1470 4257 1534 4308; x_wconf 81' lang='lat' dir='ltr'>nini</span> <span class='ocrx_word' id='word_1_498' title='bbox 1551 4259 1674 4308; x_wconf 78' lang='lat' dir='ltr'>osculum</span> <span class='ocrx_word' id='word_1_499' title='bbox 1692 4261 1771 4320; x_wconf 87' lang='lat' dir='ltr'>ruse,</span> <span class='ocrx_word' id='word_1_500' title='bbox 1797 4257 1825 4308; x_wconf 88' lang='lat' dir='ltr'>st</span> <span class='ocrx_word' id='word_1_501' title='bbox 1850 4253 1975 4320; x_wconf 83' lang='lat' dir='ltr'>corporis</span> <span class='ocrx_word' id='word_1_502' title='bbox 1997 4267 2059 4308; x_wconf 76' lang='lat' dir='ltr'>en·</span> 
     </span>
     <span class='ocr_line' id='line_1_102' title="bbox 1179 4327 2059 4462; baseline -0.002 -12"><span class='ocrx_word' id='word_1_503' title='bbox 1179 4399 1240 4450; x_wconf 88' lang='lat' dir='ltr'>ios.</span> <span class='ocrx_word' id='word_1_504' title='bbox 1272 4399 1400 4462; x_wconf 72' lang='lat' dir='ltr'>umorue</span> <span class='ocrx_word' id='word_1_505' title='bbox 1424 4327 1602 4450; x_wconf 55' lang='lat' dir='ltr'>esipriDiui&#39;e</span> <span class='ocrx_word' id='word_1_506' title='bbox 1624 4389 1748 4446; x_wconf 87' lang='lat' dir='ltr'>iossuire</span> <span class='ocrx_word' id='word_1_507' title='bbox 1770 4391 1836 4446; x_wconf 84' lang='lat' dir='ltr'>iecit</span> <span class='ocrx_word' id='word_1_508' title='bbox 1853 4391 1904 4449; x_wconf 82' lang='lat' dir='ltr'>oei</span> <span class='ocrx_word' id='word_1_509' title='bbox 1927 4395 2059 4460; x_wconf 73' lang='lat' dir='ltr'>quein</span> 
     </span>
     <span class='ocr_line' id='line_1_103' title="bbox 1488 4459 1752 4526; baseline -0.008 -12"><span class='ocrx_word' id='word_1_510' title='bbox 1488 4473 1578 4526; x_wconf 76' lang='lat' dir='ltr'>nors,</span> <span class='ocrx_word' id='word_1_511' title='bbox 1597 4475 1613 4512; x_wconf 95' lang='lat' dir='ltr'><strong>o</strong></span> <span class='ocrx_word' id='word_1_512' title='bbox 1629 4459 1752 4526; x_wconf 70' lang='lat' dir='ltr'>hospes?</span> 
     </span>
    </p>

    <p class='ocr_par' dir='ltr' id='par_1_74' title="bbox 1178 4529 2057 4598">
     <span class='ocr_line' id='line_1_104' title="bbox 1178 4529 2057 4598; baseline -0.002 -12"><span class='ocrx_word' id='word_1_513' title='bbox 1178 4533 1270 4586; x_wconf 76' lang='lat' dir='ltr'>Xssti.</span> <span class='ocrx_word' id='word_1_514' title='bbox 1301 4535 1392 4586; x_wconf 71' lang='lat' dir='ltr'>mus</span> <span class='ocrx_word' id='word_1_515' title='bbox 1410 4544 1488 4598; x_wconf 85' lang='lat' dir='ltr'>sors,</span> <span class='ocrx_word' id='word_1_516' title='bbox 1511 4530 1676 4587; x_wconf 70' lang='lat' dir='ltr'>mortuom</span> <span class='ocrx_word' id='word_1_517' title='bbox 1691 4533 1807 4594; x_wconf 81' lang='lat' dir='ltr'>uectus,</span> <span class='ocrx_word' id='word_1_518' title='bbox 1830 4529 1857 4585; x_wconf 89' lang='lat' dir='ltr'>si</span> <span class='ocrx_word' id='word_1_519' title='bbox 1874 4529 1965 4598; x_wconf 71' lang='lat' dir='ltr'>iogb,</span> <span class='ocrx_word' id='word_1_520' title='bbox 1989 4543 2057 4586; x_wconf 86' lang='lat' dir='ltr'>cor-</span> 
     </span>
    </p>

    <p class='ocr_par' dir='ltr' id='par_1_75' title="bbox 1180 4613 1689 4732">
     <span class='ocr_line' id='line_1_105' title="bbox 1180 4613 1689 4732; baseline -0.008 -8"><span class='ocrx_word' id='word_1_521' title='bbox 1180 4673 1239 4724; x_wconf 80' lang='lat' dir='ltr'>los.</span> <span class='ocrx_word' id='word_1_522' title='bbox 1264 4669 1397 4732; x_wconf 81' lang='lat' dir='ltr'>ouiesoe,</span> <span class='ocrx_word' id='word_1_523' title='bbox 1415 4682 1450 4722; x_wconf 87' lang='lat' dir='ltr'>oe</span> <span class='ocrx_word' id='word_1_524' title='bbox 1465 4613 1620 4722; x_wconf 44' lang='lat' dir='ltr'>&#39;pppepstphs</span> <span class='ocrx_word' id='word_1_525' title='bbox 1638 4669 1689 4718; x_wconf 85' lang='lat' dir='ltr'>Det</span> 
     </span>
    </p>

    <p class='ocr_par' dir='ltr' id='par_1_76' title="bbox 1176 4739 1622 4803">
     <span class='ocr_line' id='line_1_106' title="bbox 1176 4739 1622 4803; baseline -0.009 -11"><span class='ocrx_word' id='word_1_526' title='bbox 1176 4739 1380 4792; x_wconf 79' lang='lat' dir='ltr'>Coronsneuts</span> <span class='ocrx_word' id='word_1_527' title='bbox 1397 4739 1513 4803; x_wconf 65' lang='lat' dir='ltr'>usurus</span> <span class='ocrx_word' id='word_1_528' title='bbox 1531 4750 1622 4800; x_wconf 80' lang='lat' dir='ltr'>penu.</span> 
     </span>
    </p>

    <p class='ocr_par' dir='ltr' id='par_1_77' title="bbox 1179 4805 2057 4874">
     <span class='ocr_line' id='line_1_107' title="bbox 1179 4805 2057 4874; baseline -0.003 -12"><span class='ocrx_word' id='word_1_529' title='bbox 1179 4809 1270 4862; x_wconf 69' lang='lat' dir='ltr'>Issit.</span> <span class='ocrx_word' id='word_1_530' title='bbox 1295 4808 1452 4874; x_wconf 70' lang='lat' dir='ltr'>stringen,</span> <span class='ocrx_word' id='word_1_531' title='bbox 1472 4819 1558 4869; x_wconf 78' lang='lat' dir='ltr'>usque</span> <span class='ocrx_word' id='word_1_532' title='bbox 1576 4805 1676 4870; x_wconf 75' lang='lat' dir='ltr'>pignos</span> <span class='ocrx_word' id='word_1_533' title='bbox 1693 4805 1788 4868; x_wconf 72' lang='lat' dir='ltr'>sepior</span> <span class='ocrx_word' id='word_1_534' title='bbox 1811 4808 1881 4871; x_wconf 79' lang='lat' dir='ltr'>qood</span> <span class='ocrx_word' id='word_1_535' title='bbox 1899 4807 1963 4863; x_wconf 69' lang='lat' dir='ltr'>aiii</span> <span class='ocrx_word' id='word_1_536' title='bbox 1985 4807 2057 4860; x_wconf 75' lang='lat' dir='ltr'>erin</span> 
     </span>
    </p>

    <p class='ocr_par' dir='ltr' id='par_1_78' title="bbox 1486 4875 1813 4940">
     <span class='ocr_line' id='line_1_108' title="bbox 1486 4875 1813 4940; baseline 0.009 -15"><span class='ocrx_word' id='word_1_537' title='bbox 1486 4875 1617 4940; x_wconf 81' lang='lat' dir='ltr'>invento,</span> <span class='ocrx_word' id='word_1_538' title='bbox 1632 4876 1742 4926; x_wconf 77' lang='lat' dir='ltr'>ererum</span> <span class='ocrx_word' id='word_1_539' title='bbox 1761 4879 1813 4928; x_wconf 82' lang='lat' dir='ltr'>est</span> 
     </span>
    </p>

    <p class='ocr_par' dir='ltr' id='par_1_79' title="bbox 1177 4941 2055 5026">
     <span class='ocr_line' id='line_1_109' title="bbox 1177 4941 2055 5026; baseline -0.003 -29"><span class='ocrx_word' id='word_1_540' title='bbox 1177 4943 1241 4997; x_wconf 87' lang='lat' dir='ltr'>ios.</span> <span class='ocrx_word' id='word_1_541' title='bbox 1266 4945 1325 4996; x_wconf 74' lang='lat' dir='ltr'>Nou</span> <span class='ocrx_word' id='word_1_542' title='bbox 1345 4941 1484 5008; x_wconf 78' lang='lat' dir='ltr'>discetis,</span> <span class='ocrx_word' id='word_1_543' title='bbox 1507 4947 1653 5026; x_wconf 67' lang='lat' dir='ltr'>sothosrs</span> <span class='ocrx_word' id='word_1_544' title='bbox 1671 4943 1745 4994; x_wconf 86' lang='lat' dir='ltr'>iotrs</span> <span class='ocrx_word' id='word_1_545' title='bbox 1762 4945 1893 5008; x_wconf 63' lang='lat' dir='ltr'>ssgittsro</span> <span class='ocrx_word' id='word_1_546' title='bbox 1912 4943 2055 5006; x_wconf 71' lang='lat' dir='ltr'>poi-oses</span> 
     </span>
    </p>

    <p class='ocr_par' dir='ltr' id='par_1_80' title="bbox 1179 5011 2057 5146">
     <span class='ocr_line' id='line_1_110' title="bbox 1179 5011 2057 5146; baseline -0.005 -12"><span class='ocrx_word' id='word_1_547' title='bbox 1179 5081 1270 5134; x_wconf 74' lang='lat' dir='ltr'>rus.</span> <span class='ocrx_word' id='word_1_548' title='bbox 1296 5081 1333 5132; x_wconf 88' lang='lat' dir='ltr'>m</span> <span class='ocrx_word' id='word_1_549' title='bbox 1351 5081 1415 5144; x_wconf 69' lang='lat' dir='ltr'>quie</span> <span class='ocrx_word' id='word_1_550' title='bbox 1438 5011 1665 5146; x_wconf 39' lang='lat' dir='ltr'>diffini,</span> <span class='ocrx_word' id='word_1_551' title='bbox 1689 5085 1738 5134; x_wconf 78' lang='lat' dir='ltr'>us</span> <span class='ocrx_word' id='word_1_552' title='bbox 1759 5090 1931 5146; x_wconf 64' lang='grc' dir='ltr'><strong>ωιιιοωω</strong></span> <span class='ocrx_word' id='word_1_553' title='bbox 1949 5079 2057 5130; x_wconf 76' lang='lat' dir='ltr'>usn·-</span> 
     </span>
    </p>

    <p class='ocr_par' dir='ltr' id='par_1_81' title="bbox 1182 5143 2057 5352">
     <span class='ocr_line' id='line_1_111' title="bbox 1182 5143 2057 5336; baseline -0.007 -66"><span class='ocrx_word' id='word_1_554' title='bbox 1182 5219 1243 5270; x_wconf 75' lang='lat' dir='ltr'>ioss</span> <span class='ocrx_word' id='word_1_555' title='bbox 1274 5217 1365 5270; x_wconf 82' lang='lat' dir='ltr'>Detee</span> <span class='ocrx_word' id='word_1_556' title='bbox 1389 5219 1425 5270; x_wconf 82' lang='lat' dir='ltr'>sd</span> <span class='ocrx_word' id='word_1_557' title='bbox 1448 5143 1584 5336; x_wconf 46' lang='grc' dir='ltr'>ειῖιιῗιιιῖι</span> <span class='ocrx_word' id='word_1_558' title='bbox 1593 5219 1726 5268; x_wconf 73' lang='lat' dir='ltr'>rodowe</span> <span class='ocrx_word' id='word_1_559' title='bbox 1755 5215 1863 5278; x_wconf 87' lang='lat' dir='ltr'>ineptos</span> <span class='ocrx_word' id='word_1_560' title='bbox 1887 5217 1915 5264; x_wconf 93' lang='lat' dir='ltr'>et</span> <span class='ocrx_word' id='word_1_561' title='bbox 1944 5215 2057 5264; x_wconf 71' lang='lat' dir='ltr'>tonsos</span> 
     </span>
     <span class='ocr_line' id='line_1_112' title="bbox 1511 5298 1623 5352; baseline -0.018 -16"><span class='ocrx_word' id='word_1_562' title='bbox 1511 5299 1561 5352; x_wconf 89' lang='lat' dir='ltr'>osp</span> <span class='ocrx_word' id='word_1_563' title='bbox 1585 5298 1623 5334; x_wconf 89' lang='lat' dir='ltr'>es.</span> 
     </span>
    </p>
   </div>
   <div class='ocr_carea' id='block_1_28' title="bbox 72 5291 2057 5426">
    <p class='ocr_par' dir='ltr' id='par_1_82' title="bbox 72 5291 2057 5426">
     <span class='ocr_line' id='line_1_113' title="bbox 72 5291 2057 5426; baseline -0.007 -11"><span class='ocrx_word' id='word_1_564' title='bbox 72 5356 119 5422; x_wconf 70' lang='lat'>⁸⁸)</span> <span class='ocrx_word' id='word_1_565' title='bbox 144 5363 207 5414; x_wconf 82' lang='lat' dir='ltr'>los.</span> <span class='ocrx_word' id='word_1_566' title='bbox 233 5364 379 5414; x_wconf 81' lang='lat' dir='ltr'>iiioistrse</span> <span class='ocrx_word' id='word_1_567' title='bbox 397 5389 430 5402; x_wconf 96' lang='lat'>-</span> <span class='ocrx_word' id='word_1_568' title='bbox 448 5291 676 5426; x_wconf 50' lang='lat' dir='ltr'>pernuvin.</span> <span class='ocrx_word' id='word_1_569' title='bbox 693 5355 880 5426; x_wconf 66' lang='lat' dir='ltr'>titi-mn</span> <span class='ocrx_word' id='word_1_570' title='bbox 910 5357 951 5409; x_wconf 91' lang='lat' dir='ltr'>sie</span> <span class='ocrx_word' id='word_1_571' title='bbox 975 5357 1024 5410; x_wconf 84' lang='lat' dir='ltr'>rt.</span> <span class='ocrx_word' id='word_1_572' title='bbox 1110 5357 1160 5414; x_wconf 75' lang='grc'>111</span> <span class='ocrx_word' id='word_1_573' title='bbox 1190 5309 1291 5408; x_wconf 46' lang='lat' dir='ltr'>Xois.-</span> <span class='ocrx_word' id='word_1_574' title='bbox 1306 5355 1433 5407; x_wconf 76' lang='lat' dir='ltr'>ioterioe</span> <span class='ocrx_word' id='word_1_575' title='bbox 1455 5377 1492 5394; x_wconf 89' lang='lat'>·-</span> <span class='ocrx_word' id='word_1_576' title='bbox 1514 5353 1628 5406; x_wconf 78' lang='lat' dir='ltr'>sscien</span> <span class='ocrx_word' id='word_1_577' title='bbox 1649 5363 1716 5402; x_wconf 75' lang='lat' dir='ltr'>ren.</span> <span class='ocrx_word' id='word_1_578' title='bbox 1742 5345 1989 5416; x_wconf 58' lang='grc' dir='ltr'><strong>(ιω-1110)]</strong></span> <span class='ocrx_word' id='word_1_579' title='bbox 2017 5351 2057 5402; x_wconf 89' lang='lat' dir='ltr'>sis</span> 
     </span>
    </p>
   </div>
   <div class='ocr_carea' id='block_1_29' title="bbox 109 5427 377 5492">
    <p class='ocr_par' dir='ltr' id='par_1_83' title="bbox 109 5427 377 5492">
     <span class='ocr_line' id='line_1_114' title="bbox 109 5427 377 5492; baseline 0.019 -15"><span class='ocrx_word' id='word_1_580' title='bbox 109 5427 201 5492; x_wconf 63' lang='lat' dir='ltr'>iffle</span> <span class='ocrx_word' id='word_1_581' title='bbox 219 5432 270 5482; x_wconf 72' lang='lat' dir='ltr'>ite</span> <span class='ocrx_word' id='word_1_582' title='bbox 285 5431 377 5484; x_wconf 60' lang='grc'><strong>10001</strong></span> 
     </span>
    </p>
   </div>
   <div class='ocr_carea' id='block_1_30' title="bbox 1049 5425 1480 5488">
    <p class='ocr_par' dir='ltr' id='par_1_84' title="bbox 1049 5425 1480 5488">
     <span class='ocr_line' id='line_1_115' title="bbox 1049 5425 1480 5488; baseline -0.019 -8"><span class='ocrx_word' id='word_1_583' title='bbox 1049 5450 1053 5480; x_wconf 89' lang='lat' dir='ltr'>i</span> <span class='ocrx_word' id='word_1_584' title='bbox 1147 5427 1198 5478; x_wconf 70' lang='lat' dir='ltr'>zi.</span> <span class='ocrx_word' id='word_1_585' title='bbox 1212 5426 1306 5488; x_wconf 60' lang='lat' dir='ltr'>idm</span> <span class='ocrx_word' id='word_1_586' title='bbox 1323 5425 1480 5479; x_wconf 61' lang='grc'>1010001</span> 
     </span>
    </p>
   </div>
   <div class='ocr_carea' id='block_1_31' title="bbox 1474 5485 1553 5560">
    <p class='ocr_par' dir='ltr' id='par_1_85' title="bbox 1474 5485 1553 5560">
     <span class='ocr_line' id='line_1_116' title="bbox 1474 5485 1553 5560; baseline 0 0"><span class='ocrx_word' id='word_1_587' title='bbox 1474 5485 1553 5560; x_wconf 80' lang='lat' dir='ltr'>ot·</span> 
     </span>
    </p>
   </div>
   <div class='ocr_carea' id='block_1_32' title="bbox 0 0 2388 6100">
    <p class='ocr_par' dir='ltr' id='par_1_86' title="bbox 0 0 2388 6100">
     <span class='ocr_line' id='line_1_117' title="bbox 0 0 2388 6100; baseline 0 1"><span class='ocrx_word' id='word_1_588' title='bbox 0 0 2388 6100; x_wconf 95' lang='lat' dir='ltr'> </span> 
     </span>
    </p>
   </div>
  </div>
 </body>
</html>
