4768 6100
323 165 416 240 1091
892 155 1014 230 PHlL.
1047 157 1160 231 lilii.
1194 151 1397 230 SCRIPTA
1433 95 1768 232 PfflLoLoGlua
2228 169 2298 246 itta

373 341 466 428 Mep.
500 331 657 427 inclytus
685 329 1019 501 Lycusdpominus
1040 343 1180 416 terrae,
1214 332 1311 424 ipsos

735 456 799 525 per
826 457 838 498 1
864 444 904 503 rt.

1413 335 1516 402 Hera.
1541 331 1830 404 Adeoneabsens
1846 333 1945 404 carui
1960 335 2104 408 amieis?

1415 437 1509 524 Mep.
1537 431 1680 527 „Ecqui
1696 447 1779 505 sunt
1795 429 1959 508 homines
1976 438 2082 508 amici
2098 445 2291 526 calamitoso?

372 549 474 616 Here.
514 533 647 610 Utrum
674 558 864 608 occurrens
887 535 1016 618 armis,
1058 559 1104 604 an
1134 535 1311 608 concitata
1365 531 1442 606 560
1466 539 1566 606 Hero.
1587 535 1729 606 Proelia
1745 561 1853 620 vero,
1870 563 1961 632 quae
1977 545 2303 642 eontraMiuyassus

1778 639 1893 724 tinui,
1916 645 2152 734 exspuerunt?

1416 743 1507 831 May.
1541 739 1788 826 ‚‚Calamitas,
1816 754 1857 812 ut
1878 743 1995 814 dicam
2017 747 2161 834 ilerum,
2189 757 2304 830 estsine
2346 826 2347 842 ,

1771 867 1905 916 amieis.

1416 947 1517 1016 Hero.
1548 941 1631 1014 Non
1655 944 1826 1016 abiicietis
1840 947 2005 1021 Plutonis
2019 949 2125 1022 istum
2140 955 2305 1030 amictuma

1744 1101 1746 1108 Α
1780 1073 1895 1134 coma,

1417 1147 1463 1218 Et
1479 1149 1593 1218 lucem
1614 1149 1835 1241 adspicietis,
1850 1154 2047 1224 inferorum
2064 1159 2308 1259 tenebrarunt)

738 649 832 708 terra
850 637 1051 708 seditione?

373 751 467 838 Mea.
518 742 700 815 Seditioue
731 765 883 832 regnum
908 739 1036 810 Cadmi
1060 753 1176 828 tenet,
1215 741 1313 836 quod

733 857 869 936 septem
885 856 1007 936 portas
1021 839 1141 916 habet.

372 957 474 1024 Here.
504 948 602 1044 Quid
618 950 664 1018 ad
679 960 714 1018 te
730 959 900 1017 sisenem
916 946 1080 1039 pervenit
1094 943 1154 1017 hic
1171 943 1313 1018 terrori

324 1051 400 1128 545
448 1055 542 1146 Mep.
586 1049 840 1120 interfecturus
870 1063 948 1120 erat
972 1062 1110 1142 patrem
1136 1063 1172 1120 et
1195 1073 1254 1120 rue
1280 1060 1315 1118 et

732 1153 877 1224 liberos.

375 1263 476 1332 Hero.
509 1255 607 1350 Quid
629 1255 706 1328 ais?
730 1279 777 1328 ao
801 1268 964 1326 metuens
979 1279 1078 1326 meos
1100 1255 1233 1326 liberos
1247 1277 1313 1347 pu-

734 1357 864 1450 pillos?

373 1465 468 1554 Moy.
490 1461 545 1534 Ne
562 1461 707 1556 quando
723 1461 940 1530 ulciscantur
954 1473 1108 1530 mortem
1125 1458 1300 1530 Creontis.

376 1569 478 1636 llere.
507 1562 667 1634 Ornatus
688 1587 774 1632 vero
799 1563 863 1633 iste
889 1564 1040 1632 vestium
1058 1562 1137 1657 quis
1157 1576 1229 1646 est,
1256 1585 1315 1629 ve-

1417 1251 1546 1322 Gratas
1562 1251 1822 1324 vicissitudines
1838 1256 1949 1326 oculis
1963 1259 2170 1330 cernentes?

1367 1347 1442 1424 565
1465 1353 1541 1444 Ego
1561 1379 1647 1423 vero
1664 1355 1776 1449 (nunc
1791 1357 1886 1426 euim
1904 1383 1994 1451 opus
2007 1374 2061 1432 est
2075 1385 2174 1432 meae
2190 1353 2311 1458 manus)

1416 1456 1579 1526 Primum
1595 1460 1709 1540 vado,
1737 1470 1772 1526 et
1788 1472 1945 1530 evertam
1963 1463 2115 1534 domurn

1417 1557 1511 1628 Novi
1528 1559 1690 1650 tyranni;
1713 1573 1818 1650 caput
1835 1574 1954 1646 autem
1969 1565 2122 1656 impium
2137 1567 2289 1636 abscisum

669 1665 798 1748 stium,
822 1690 911 1758 quae
928 1665 1080 1736 mortuis
1094 1660 1315 1736 destinatae?
1416 1660 1591 1730 Abiiciam
1627 1662 1772 1733 canibus
1795 1661 2083 1748 dilacerandum
2115 1693 2315 1763 quoscunque

375 1771 468 1862 Mep.
495 1765 616 1838 induli
630 1793 751 1840 sumus
768 1767 900 1836 amictu
916 1767 1054 1838 mortis.

326 1865 402 1942 550
434 1875 535 1943 llere.
570 1867 618 1940 Et
640 1869 798 1962 pervim
822 1869 1101 1940 moriebamiui?
1123 1893 1144 1938 o
1165 1893 1223 1938 me
1248 1867 1314 1936 mi-

737 1995 868 2042 serum.

1773 1789 1858 1834 vero
1874 1763 2068 1842 'l'hebanos

1417 1865 1534 1938 Malos
1551 1863 1838 1958 deprehendero,
1866 1895 1945 1938 curu
1963 1871 2144 1943 beneficiis
2160 1897 2179 1941 a
2193 1897 2246 1941 me
2261 1883 2315 1942 suut

1776 1969 1904 2054 affecti,

375 2077 470 2166 May.
497 2072 632 2146 Amicis
657 2075 756 2154 orbi;
783 2087 817 2142 te
834 2073 975 2171 veroffl)
991 2085 1175 2144 mortuum
1195 2072 1316 2143 audie·
1368 2061 1444 2138 570
1466 2067 1585 2139 Armis
1600 2065 1695 2140 hisce
1710 2070 1912 2143 victricibus
1929 2075 2105 2168 subigam.

737 2177 877 2248 bamus.

376 2283 478 2350 Hero.
505 2279 610 2348 Unde
626 2292 745 2349 aulem
762 2281 807 2347 ad
825 2303 889 2429 pos
907 2276 1071 2369 pervenit
1085 2271 1174 2346 baec
1193 2277 1316 2369 despe-

728 2380 821 2450 ratio
833 2435 840 2448 .

376 2483 470 2572 Meo.
494 2476 687 2573 Eurysthei
698 2481 817 2552 nuntii
833 2481 1091 2551 nuntiaverunt
1108 2477 1242 2577 iscam).

379 2587 482 2656 Hero.
524 2583 595 2654 Sed
619 2607 730 2678 quare
763 2584 956 2738 reliepuistis
982 2585 1132 2653 domum
1159 2595 1195 2652 et
1217 2605 1317 2652 meos

741 2688 836 2758 lares
848 2741 856 2757 .

328 2779 404 2856 555
425 2789 519 2878 May.
542 2787 588 2856 vi
603 2801 705 2878 peter
720 2790 851 2860 eiectus
866 2802 918 2858 est
932 2813 950 2857 e
967 2789 1058 2858 lecto
1076 2799 1203 2859 strato.

1418 2169 1517 2240 Alios
1533 2171 1708 2263 dissipans
1725 2174 1827 2244 alatis
1842 2176 1977 2265 sagittis

1420 2270 1536 2340 Caede
1552 2288 1777 2346 mortuorum
1793 2276 1950 2368 implebo
1967 2290 2083 2348 totum
2103 2275 2282 2359 ismenum,

1419 2371 1467 2440 Et
1483 2374 1632 2468 limpida
1650 2401 1743 2472 aqua
1759 2377 1888 2450 Dirrae
1904 2380 2165 2450 cruentabitur.

1419 2475 1562 2546 Etenim
1593 2479 1650 2587 cui
1679 2505 1736 2552 me
1766 2483 1879 2572 magis
1913 2508 2022 2577 quam
2053 2482 2162 2554 uxori
2187 2475 2326 2572 opitulati

1775 2585 1954 2669 convenit,

1369 2674 1445 2752 575
1467 2680 1515 2753 Et
1530 2681 1651 2754 liberis
1670 2697 1705 2755 et
1719 2685 1820 2758 seni?
1840 2689 1983 2758 valeant
1995 2687 2153 2759 labores.

1418 2784 1566 2856 Frustra
1583 2787 1678 2856 enim
1694 2813 1780 2880 prae
1795 2785 1850 2860 bis
1864 2791 1996 2881 perfeci
2011 2814 2087 2860 eos.

378 2892 481 2961 Hera.
509 2891 568 2960 Au
583 2915 657 2959 non
672 2895 783 2982 pudet
802 2893 920 2982 ipsum
945 2889 1161 2960 contumelia
1178 2889 1317 2958 allicere
1419 2887 1467 2956 Et
1495 2885 1662 2959 convenit
1682 2917 1741 2962 me
1761 2916 1828 2984 pro
1860 2893 1955 2978 istis,
1992 2894 2022 2964 si
2043 2892 2192 2985 quidem
2214 2886 2261 2955 illi
2281 2905 2331 2978 pro

745 2991 892 3064 senem?

377 3093 472 3182 Mep.
495 3092 620 3164 Pudor
638 3098 764 3186 procul
778 3093 920 3167 habitat
935 3097 980 3165 ab
995 3095 1058 3164 illa
1073 3097 1138 3166 dea
1147 3091 1207 3192 ⁸⁴).
1308 3110 1312 3118 '

331 3251 535 3268 -ιῃ

1777 3007 1892 3087 patre,

1423 3089 1678 3163 Defendentem
1695 3097 1800 3180 mori,
1816 3110 1878 3166 aut
1889 3096 1978 3191 quid
1992 3094 2155 3166 dicemus
2169 3091 2333 3163 honestum

1421 3193 1587 3284 Pugnare
1601 3221 1680 3266 cum
1698 3193 1812 3290 hydra
1830 3189 1996 3283 ellados,

360 3333 617 3404 saltaveronie
639 3328 1014 3404 (=1surtp.eitl)uoitt.
1035 3333 1110 3384 laea.
1131 3333 1159 3380 et
1186 3329 1320 3392 reeentt.;
1372 3293 1448 3370 580
1478 3297 1626 3368 Missum
1645 3301 1689 3368 ab
1702 3297 1927 3394 Eurystheo?
1952 3314 2079 3370 elnon
2096 3325 2117 3369 a
2133 3289 2334 3369 meisltberis

397 3407 446 3456 lid.
465 3407 540 3458 iasa.
558 3409 667 3460 tenere.

360 3505 409 3576 ab)
429 3509 513 3561 liare.
533 3509 604 3572 Quid
614 3503 678 3560 alsi
691 3533 726 3548 -
737 3508 803 3560 ista.
821 3511 878 3568 (vs.
892 3505 945 3556 5³³
954 3499 1084 3568 -tlol.)]
1105 3501 1147 3552 sio
1159 3502 1210 3556 ito.
1224 3501 1320 3565 lotis

398 3578 603 3708 nabilem
620 3639 685 3696 ais?
704 3657 783 3708 quam
803 3646 830 3694 ln
848 3647 957 3694 turham
975 3639 1117 3704 venimus,
1136 3633 1239 3702 pater?

433 3717 507 3778 ilisa.
527 3715 669 3768 Petiturus.
705 3715 745 3764 'ru
763 3725 848 3778 vero,
867 3723 969 3772 senex,
989 3709 1102 3772 ignosce
1121 3709 1197 3768 mitti,

434 3786 464 3834 ei
484 3784 640 3845 praeripui,
659 3795 729 3845 quae
746 3787 775 3832 ta
792 3781 865 3844 ioqui
885 3781 920 3830 ad
939 3781 1010 3828 huno
1026 3777 1216 3830 conveniebat.

435 3853 588 3916 „Feminae
601 3853 672 3900 enim
686 3851 882 3914 quodammodo
895 3848 985 3910 magis
994 3845 1170 3894 miserabiles
1188 3839 1319 3895 maribus.

433 3923 470 3971 nt
491 3922 543 3970 mel
560 3921 703 3982 perierunt
719 3919 786 3984 atti,
805 3917 875 3980 perit
893 3915 976 3966 etiarn
994 3914 1062 3976 ipss.

434 3991 518 4042 llere.
539 3990 562 4041 0
582 3989 696 4051 Apollo,
716 3987 813 4050 quibus
833 3983 981 4047 prooemiis
1000 3979 1098 4042 iuoipls
1115 3974 1293 4032 sermonem?

434 4061 507 4122 Mea.
528 4057 708 4120 oppetierunt
725 4057 846 4116 iratres,
864 4057 892 4102 et
911 4055 990 4114 pater
1008 4063 1086 4100 neus
1106 4063 1201 4100 senex.

436 4129 519 4180 liare.
547 4129 632 4188 Quem
649 4118 715 4176 alsi
739 4125 804 4243 opici
820 4114 947 4243 {aelami
969 4123 1019 4170 aut
1042 4119 1144 4170 bellum
1161 4119 1232 4182 quod
1251 4119 1321 4169 inol-

768 4203 817 4242 eus

435 4265 509 4329 Mea.
528 4263 621 4328 liyous
640 4265 716 4325 ipsos
734 4263 857 4324 inclytus
876 4265 971 4310 terrae
990 4269 1040 4308 rex
1058 4257 1182 4320 peremit.

433 4335 519 4386 Herc.
539 4333 632 4382 Armis
651 4343 838 4395 congressus,
856 4331 904 4379 aut
921 4329 1074 4378 dissidente
1093 4317 1193 4376 terra?

433 4403 507 4467 alep.
540 4401 581 4452 lix
600 4401 738 4452 seditione
759 4397 853 4450 cadmi
877 4401 983 4460 septen
1005 4398 1101 4459 portas
1118 4397 1222 4444 tabens
1240 4405 1323 4444 oocu-

748 4471 794 4530 pat
811 4467 962 4530 imperium.

434 4538 521 4590 Herc.
540 4539 610 4602 outa
628 4537 767 4602 igiturest
785 4541 813 4586 te
831 4539 859 4586 et
876 4548 971 4586 senem
989 4532 1117 4596 parvenit
1134 4523 1245 4582 metus?

439 4609 513 4673 disp.
531 4609 690 4658 interlicere
706 4608 768 4655 vuit
785 4607 907 4668 patrem,
926 4607 954 4654 et
971 4615 1029 4666 me,
1048 4603 1076 4652 et
1094 4600 1209 4652 liberos.

435 4678 522 4729 licre.
547 4677 617 4736 ould
634 4669 699 4726 aiei
718 4677 843 4724 metuens
862 4673 982 4736 pupillos
1002 4663 1100 4720 meos?

438 4747 512 4808 biau-
530 4745 570 4794 Ne
588 4745 698 4807 quaudo
716 4743 844 4796 Creontis
864 4743 980 4792 norton
997 4740 1176 4792 ulciscantur.

436 4815 522 4867 flere.
547 4811 671 4862 Ornatus
689 4825 756 4862 vero
776 4813 900 4930 vestrurp
924 4811 1010 4874 [pros
1035 4806 1170 4866 vestium]
1196 4803 1256 4868 quia
1278 4804 1323 4854 lu·

746 4881 869 4931 ferorum

439 4952 513 5015 Meo.
531 4948 632 5000 liortis
649 4949 720 4998 luno
736 4947 790 4999 iare
807 4947 901 4998 amicti
918 4957 1014 4994 sumus
1032 4943 1171 4993 arelatum.

441 5023 528 5072 liare.
547 5021 582 5068 iit
600 5029 651 5081 per
668 5019 722 5067 vin
741 5007 918 5068 moriemini?
937 5024 953 5063 o
972 5013 1068 5062 inlelix
1087 5023 1150 5074 ego.

396 5104 400 5125 ⁸
436 5090 511 5154 iilsp.
530 5086 634 5138 Auiola
652 5087 773 5152 privati,
791 5087 820 5134 te
838 5094 906 5132 vero
924 5083 1059 5132 mortuum
1077 5077 1243 5129 audivimus.

437 5157 523 5208 liare.
543 5157 620 5208 Uada
638 5167 707 5206 vero
726 5155 761 5206 ud
779 5163 830 5202 vos
849 5152 916 5202 liaeo
934 5149 1062 5212 parvenit
1082 5137 1265 5208 desperatioi

439 5227 515 5294 Meu.
534 5223 687 5288 Eurysthei
706 5219 795 5273 nuntii
809 5219 1011 5270 annuntiarunt
1029 5217 1104 5266 iaso.

367 5331 416 5388 at)
432 5331 468 5380 als
483 5327 535 5378 illa
552 5328 616 5392 aaa]
641 5327 686 5376 its
711 5325 740 5376 iu
764 5334 851 5389 marg.
869 5323 919 5373 Ed.
940 5319 1016 5372 tait.
1043 5317 1153 5370 adlecta
1177 5317 1222 5368 est
1239 5314 1329 5379 arpii-

402 5397 617 5460 sallustiani,
636 5405 655 5445 a
673 5393 711 5446 vi.

1423 3399 1580 3468 Mortem
1596 3402 1796 3494 depellam?
1816 3429 1891 3473 non
1907 3403 2051 3498 quidem
2067 3402 2243 3472 Hercules

1422 3501 1643 3574 Victoriosus
1658 3505 1816 3590 dicerer,
1838 3520 1878 3576 ut
1894 3517 2011 3576 antea.

1425 3603 1589 3690 „lustum
1609 3619 1680 3692 est,
1701 3609 1920 3700 ut'parentes
1938 3607 2112 3678 adiuvent
2127 3607 2269 3685 liberos,

1424 3707 1493 3794 „Et
1506 3722 1644 3801 patrem
1661 3735 1794 3794 senem,
1811 3725 1846 3780 et
1861 3710 2070 3804 participem
2082 3709 2289 3802 nuptiarum
2296 3697 2338 3790 “l

1375 3921 1580 3932 ———--

1406 4049 1455 4104 65)
1478 4045 1627 4096 interorum
1653 4041 1842 4110 tenebrarum]
1875 4044 1917 4094 sio
1941 4046 1990 4096 ild.
2011 4045 2108 4106 latias
2140 4033 2339 4096 aristeneti:

1440 4115 1609 4164 internarum
1628 4116 1804 4164 teuwraruur
1822 4121 1870 4174 (τ.-
1891 4115 1985 4176 llurip.
2004 4113 2055 4166 aori
2072 4109 2154 4164 κάτω
2173 4107 2303 4164 estrees).

1406 4217 1457 4276 aa)
1481 4215 1568 4268 Herc.
1599 4213 1654 4264 sed
1679 4225 1816 4277 quare-
1835 4213 1999 4277 nuptiarum.
2023 4213 2082 4281 (vs.
2101 4205 2288 4274 aaa-mn
2312 4199 2340 4252 sit

1442 4286 1491 4336 Ed.
1513 4283 1602 4344 latiis
1621 4283 1670 4334 lli.
1692 4283 1783 4334 150θά

1477 4354 1562 4405 Hero.
1581 4351 1637 4402 Gor
1653 4363 1723 4402 vero
1741 4349 1895 4414 reliquistis
1914 4352 2040 4415 donau,
2058 4352 2198 4416 laresque
2216 4337 2306 4400 need

1477 4422 1553 4486 disp.
1572 4419 1626 4470 i’er
1643 4421 1714 4486 vim,
1732 4423 1811 4484 pater
1829 4421 1936 4483 quiden
1958 4421 2062 4470 eiaotua
2082 4423 2178 4472 strato
2197 4431 2232 4469 ex
2246 4409 2319 4466 troili.

1477 4489 1562 4543 aare.
1587 4488 1608 4555 ',‚
1616 4491 1709 4553 Neque
1732 4489 1825 4608 babpit
1849 4490 1996 4608 peperere,
2021 4501 2122 4540 seuera
2149 4473 2342 4554 ignominiosi·

1801 4569 1865 4608 rere
2107 4567 2113 4580 ·

1479 4629 1552 4692 Mea.
1573 4625 1692 4692 „Pudor
1710 4625 1783 4676 euim
1800 4627 1862 4675 lituo
1879 4625 1985 4677 habitat
2002 4625 2117 4676 divinus
2136 4624 2249 4690 procul:

1479 4699 1564 4750 llere.
1585 4695 1659 4756 „sio
1676 4705 1744 4745 vero
1761 4695 1894 4746 absentes
1910 4695 2073 4745 oarebaaius
2093 4687 2215 4746 ansusi

1481 4767 1555 4832 Mep.
1572 4763 1660 4814 antei
1678 4765 1744 4813 suut
1761 4775 1829 4814 vero
1847 4763 1952 4814 ioieiiol
1969 4757 2105 4826 qultsausii

1480 4837 1565 4889 Hm.
1589 4832 1700 4882 Proelia
1715 4843 1784 4882 vsro
1801 4835 1907 4952 oontru²
1915 4831 2044 4895 Minyas,
2067 4844 2143 4896 quaa
2158 4829 2244 4898 subii,
2266 4819 2345 4887 nogia

1786 4903 1886 4950 xerunt

1482 4973 1555 5034 lieo.
1573 4969 1660 5020 caret
1677 4969 1774 5020 anlols
1793 4967 1838 5034 (ut
1855 4969 1953 5020 iteruin
1971 4969 2021 5022 tibi
2039 4967 2146 5036 dimas)
2165 4963 2311 5018 infelicitas

1482 5041 1569 5093 llere.
1589 5037 1659 5099 Quin
1678 5038 1797 5088 abiicitis
1815 5037 1941 5088 Plutonis
1959 5039 2010 5088 bos
2027 5037 2148 5088 analdus
2164 5049 2183 5088 a
2198 5025 2301 5100 ospitat

1482 5112 1518 5161 Et
1536 5109 1627 5156 lunen
1646 5105 1786 5168 suspicitis
1805 5117 1854 5167 pro
1872 5106 1991 5156 internis
2008 5107 2148 5163 tenebris.

1482 5178 1587 5228 Gratas
1606 5174 1812 5224 vicissitudines
1831 5176 1918 5224 oculis
1936 5169 2148 5237 adspioieuteai

1483 5247 1544 5308 ligo
1561 5254 1645 5305 vero,
1664 5253 1737 5292 uuuo
1753 5243 1825 5292 eniri
1841 5253 1919 5294 meae
1935 5255 2004 5306 opus
2022 5245 2067 5295 est
2085 5255 2198 5308 nauus,

1485 5313 1577 5365 Primo
1596 5311 1702 5374 quiden
1720 5311 1779 5372 ibo,
1796 5314 1824 5360 et
1842 5311 1948 5362 diruam
1966 5314 2061 5363 domos

1483 5384 1623 5434 Novarum
1641 5383 1841 5446 tyrannorum
1858 5383 1941 5444 eaput
1957 5391 2026 5432 vero
2042 5379 2159 5446 laepia·
2174 5371 2331 5432 maritali
