4748 6108
68 174 124 244 ttt
396 167 518 241 LXIX.
577 169 975 282 tuauuuau'rarto
1009 167 1400 246 HERACLIDARIJM
1432 169 1685 250 EURIPIDIS.
1984 189 2059 262 914

104 337 247 414 Pittheus
269 342 414 438 quidem
437 343 530 416 lilius
551 359 604 418 est
626 345 786 440 Pelopis;
815 372 856 418 ex
872 341 1016 418 Pittheo
1120 341 1177 414 Illi
1192 357 1384 436 reposcunt
1400 369 1419 414 a
1436 342 1541 414 nobis
1557 360 1746 438 paternum
1762 357 1985 434 beneficium,

448 471 534 518 vero
1118 445 1166 517 Et
1179 446 1257 540 ipsa
1275 449 1481 542 turpitudo,
1505 449 1549 516 de
1567 475 1637 544 qua
1655 457 1809 530 maxime
1827 475 1971 555 opertet
1984 490 2058 539 esce

101 543 237 627 Aethra;
259 561 361 641 pater
374 573 461 622 vero
477 575 519 622 ex
535 545 603 622 hac
617 553 776 626 nascitur
793 564 874 622 tuns
1483 549 1689 643 sollicitum,

65 651 123 722 210
141 645 302 726 Theseus.
351 653 490 724 Rursus
504 655 612 725 redeo
627 657 670 725 ad
690 657 834 726 illorum
850 679 971 748 genus.
1067 647 1144 726 245
1181 651 1218 724 Si
1250 653 1455 745 permittam
1487 645 1582 724 hanc
1604 651 1625 692 ⁴
1647 683 1746 732 aram
1776 667 1945 760 sacrilega
1975 695 2058 764 spo.

11 733 12 790 l
102 752 254 826 Ilercules
266 764 344 826 erat
356 754 450 828 lovis
465 769 499 826 et
514 757 707 828 Alcmenae
722 759 834 838 hlins;
1479 752 1562 826 llari
1578 759 1615 827 vi

102 855 183 924 Ilaec
204 881 287 928 vcro
315 869 349 925 et
372 858 517 950 Pelopis
538 861 699 954 hliae¹⁷).
765 859 863 952 Ergo
893 883 1017 930 conso·
1119 857 1175 926 Ab
1191 852 1351 950 hospite,
1377 883 1451 928 non
1466 859 1618 932 liberam

446 962 543 1032 hrini
591 1033 593 1040 ,
738 972 740 978 ’
1119 960 1279 1030 Videbor
1303 963 1485 1054 possidere
1509 975 1663 1048 terranm
1693 965 1836 1062 Argivis
1861 989 1979 1048 autem
2000 1002 2059 1050 ve.

99 1059 243 1132 Fuerunt
258 1077 340 1136 tuus
356 1077 457 1157 pater
478 1077 513 1134 et
529 1062 659 1134 hortem
676 1079 789 1158 pater.
1482 1089 1566 1136 reor

10 1172 14 1264 p'
101 1166 239 1258 attingis
251 1168 301 1238 sic
316 1165 382 1240 bos
398 1191 547 1258 genere,
572 1195 593 1238 o
610 1166 864 1260 Demophoon.
1120 1162 1260 1236 Dedere
1286 1167 1481 1260 supplices,
1502 1169 1568 1240 etsi
1593 1163 1663 1240 huc
1686 1184 1739 1243 est
1760 1199 1874 1270 prope
1896 1195 2059 1278 strangu.

10 1265 11 1300 ¹
63 1263 118 1338 215
149 1267 244 1360 Quae
272 1285 458 1364 praeterea
493 1284 590 1340 extra
624 1273 695 1340 iam
727 1271 858 1341 dictam
888 1294 1018 1358 cogno·
1486 1271 1730 1371 lationem10).

9 1389 11 1452 ζ
445 1373 582 1444 tionem
598 1387 633 1444 te
649 1387 793 1467 oportet
1121 1369 1270 1440 Utinam
1288 1397 1374 1442 vero
1390 1385 1472 1444 tuus
1489 1375 1663 1448 adventus
1677 1377 1801 1450 fuisset
1818 1381 1968 1460 felicior.

9 1495 10 1502 ¹
98 1475 290 1550 Persolvere
330 1477 432 1562 filiis,
480 1476 596 1546 dicam
631 1478 715 1556 tibi;
752 1476 889 1570 glorior
922 1475 1021 1546 enim
1123 1472 1192 1544 Sed
1207 1488 1389 1546 tamenne
1413 1501 1509 1548 nunc
1525 1479 1670 1572 quidem
1692 1484 1852 1574 trepida,
1876 1511 1922 1558 ne
1945 1493 2060 1562 teali.

447 1579 532 1648 olirn
993 1651 996 1658 ,
1487 1582 1567 1673 quis

97 1677 299 1754 lle'sccinm
337 1682 430 1754 uisse
451 1677 611 1764 Theseo,
637 1706 716 1755 cum
741 1707 850 1754 essem
876 1681 1020 1752 scutifer
1070 1673 1147 1752 250
1171 1678 1262 1748 Cum
1278 1680 1398 1771 pueris
1415 1682 1547 1752 avellat
1564 1682 1608 1751 ab
1626 1678 1768 1754 hacara
1786 1689 1833 1760 vi.

440 1783 604 1854 Herculis
1122 1780 1180 1850 'l'u
1197 1783 1286 1850 vade
1302 1783 1437 1876 Argos,
1460 1795 1496 1855 et
1512 1786 1569 1854 dic
1584 1783 1651 1854 ista
1667 1785 1882 1881 Eurystheo.

96 1885 139 1952 hd
162 1889 357 1978 petendum
383 1884 590 1968 baltheum,
626 1889 688 1982 qui
709 1887 777 1957 fnit
797 1910 902 1958 cansa
927 1886 1019 1958 mul·
1120 1878 1187 1952 Ad
1221 1879 1309 1955 haec
1342 1887 1373 1957 si
1407 1911 1515 1982 quarn
1561 1881 1670 1957 habet
1712 1915 1854 1966 causam
1890 1902 2059 1974 adversus

445 2003 563 2062 tarum
580 1991 754 2060 caedium.
769 1990 780 2018 '
1480 1983 1651 2082 hospites,

97 2087 233 2162 lieduxit
271 2093 444 2184 Hercules
475 2115 518 2162 ex
548 2093 737 2183 profundis
763 2091 901 2182 angulis
932 2091 1019 2158 infe·
1122 2085 1370 2182 Consequetur
1395 2091 1586 2177 iudicium,
1619 2092 1706 2165 istos
1729 2083 1914 2194 nunquam
1936 2117 1974 2176 tu
1998 2109 2058 2178 ab·

443 2219 567 2264 rorum
1483 2197 1601 2266 duces.

57 2295 109 2366 020
130 2295 280 2370 Patrem
298 2312 412 2370 tuum.
464 2298 542 2367 Hoc
558 2297 624 2367 scit
637 2310 711 2368 tota
728 2296 893 2378 Graecia,
1123 2296 1200 2382 cop.
1226 2291 1309 2364 Non
1333 2295 1506 2366 abducam
1526 2322 1613 2389 ego,
1634 2298 1664 2369 si
1678 2301 1787 2372 fuerit
1801 2303 1954 2394 iustum,
1980 2313 2061 2383 etsi

90 2398 148 2470 Pro
171 2403 310 2496 quibus
333 2403 483 2472 reddere
509 2414 542 2470 te
565 2400 624 2470 isti
654 2401 808 2471 vicissim
837 2391 1020 2490 postulant
1478 2399 1599 2471 vicero
1619 2405 1790 2475 causam?

439 2503 605 2593 gratiam,
1007 2561 1010 2566 .
1071 2491 1148 2571 255
1171 2503 1271 2570 Dem.
1297 2499 1492 2594 Quomodo
1513 2516 1630 2594 potest
1653 2529 1727 2577 csse
1750 2509 1902 2596 iustum,
1925 2517 2061 2610 suppli.

88 2603 132 2674 lle
148 2621 328 2697 cogantur
342 2608 521 2678 discedere
538 2629 556 2674 a
574 2619 683 2690 terra,
726 2662 729 2667 .
1482 2630 1557 2674 cem
1577 2605 1753 2680 abducere
1769 2609 1830 2681 vi?

87 2707 127 2776 Vi
139 2711 307 2782 distracti
323 2711 368 2780 ab
386 2711 458 2782 aris
474 2709 556 2782 tuis.
1124 2709 1208 2794 cop.
1222 2703 1459 2802 Nequaquam
1479 2703 1569 2778 mihi
1593 2703 1663 2779 hoc
1685 2724 1789 2806 turpe
1814 2727 1887 2800 est,
1910 2721 1971 2788 sed
1995 2720 2061 2792 tibi

88 2811 195 2892 „Tibi
219 2801 323 2884 enim
340 2813 509 2906 privatim
526 2808 595 2881 hoc
610 2823 714 2904 turpe
736 2806 863 2891 fuerit,
885 2818 920 2876 et
936 2806 1020 2876 civi·
1487 2813 1595 2881 fuerit
1609 2814 1741 2886 decori.

441 2915 509 2986 tati
525 2915 679 2985 malum:
1123 2915 1223 2980 Dem.
1262 2910 1366 2982 Certe
1389 2909 1480 2984 mihi
1504 2915 1573 2984 erit
1594 2917 1762 3002 dedecus,
1800 2921 1828 2990 si
1853 2945 2059 2995 concessero

50 3015 109 3088 225
137 3019 370 3104 „Proiecissc
396 3019 572 3112 supplices
599 3017 717 3088 exules
740 3024 910 3104 cognatos
934 3009 1021 3106 (heu
1484 3016 1571 3087 istos
1586 3017 1802 3093 abstrahere.

445 3121 571 3214 mala).
1125 3118 1201 3202 Gap.
1228 3113 1287 3184 Tu
1303 3115 1419 3208 relega
1443 3143 1503 3189 eos
1519 3143 1560 3188 ex
1580 3121 1650 3191 tuis
1664 3123 1813 3210 finibus,
1836 3137 1871 3196 et
1889 3127 1972 3199 inde
1994 3153 2060 3222 ego

89 3223 223 3299 Intuere
242 3249 327 3308 eos,
349 3222 431 3294 vide
447 3247 508 3295 eos
524 3215 620 3292 trahi
633 3219 681 3291 vi.
1482 3221 1669 3296 abducam.

87 3329 150 3400 Sed
165 3355 259 3422 rogo
276 3341 330 3412 te,
358 3338 394 3396 et
410 3351 544 3397 corono
558 3337 636 3396 tuas
652 3344 794 3406 manere,
1124 3323 1221 3390 Dem·
1260 3319 1428 3404 „Pravns
1455 3347 1513 3408 es,
1551 3325 1582 3396 si
1602 3327 1656 3398 vis
1687 3329 1914 3403 cavillatione
1941 3329 2061 3406 Deum

88 3428 135 3502 Et'
149 3455 281 3528 precor
303 3444 337 3500 te
360 3431 523 3501 osculans
545 3438 705 3498 mentum
735 3439 858 3508 tuum,
896 3447 941 3494 ne
960 3448 1021 3493 ne·
1274 3507 1279 3529 ι
1483 3427 1639 3501 eludere.

444 3532 554 3624 gligas
1073 3525 1149 3598 260
1182 3529 1259 3614 Cup.
1291 3526 1388 3619 Ergo
1402 3525 1472 3600 huc
1487 3526 1545 3626 (ut
1559 3531 1717 3628 videtur)
1733 3535 1836 3607 malis
1853 3537 2063 3630 fugiendum

87 3635 193 3710 Filios
213 3635 399 3718 IIerculis,
423 3659 502 3705 cum
520 3633 627 3706 semel
645 3632 690 3701 ad
704 3643 740 3700 te
756 3629 930 3700 venerint.
1487 3647 1550 3703 est.

46 3737 108 3810 200
128 3741 183 3822 Sis
199 3765 288 3810 vero
305 3739 373 3808 illis
388 3751 578 3828 cognatus,
601 3736 648 3806 sis
663 3735 810 3815 amicus,
1124 3733 1223 3802 Dem.
1253 3731 1462 3816 „Omnibus
1479 3747 1531 3807 est
1552 3749 1734 3829 receptum
1752 3745 2061 3832 propugnaculum

86 3843 213 3930 Pater,
237 3844 367 3926 frater,
390 3841 577 3921 dominus;
603 3838 724 3908 omnia
738 3837 833 3907 enirn
1484 3863 1546 3908 ara
1563 3837 1737 3911 Deorum.

85 3947 178 4018 Ilaec
197 3957 283 4018 sunt
299 3945 462 4038 potiora,
483 3969 591 4038 quam
609 3941 765 4012 incidere
781 3940 820 4008 in
837 3936 1001 4029 argivos.
1125 3939 1202 4026 cop.
1225 3935 1323 4008 Ilaec
1337 3964 1412 4009 non
1429 3940 1647 4014 videbuntur
1659 3943 1796 4035 pariter
1810 3943 2023 4040 Mycenaeis.

86 4053 184 4124 Odor.
206 4048 379 4120 Misertus
393 4073 470 4117 sum
488 4071 553 4138 ego
570 4045 718 4116 audiens
740 4045 825 4116 istas
841 4041 1022 4112 calamita·
1124 4042 1225 4110 Dem.
1248 4040 1378 4112 Nonne
1399 4039 1456 4112 hic
1472 4069 1537 4136 ego
1554 4071 1632 4116 sum
1650 4047 1843 4118 dominus?

449 4161 520 4232 tes,
547 4171 657 4232 orer,
1125 4145 1201 4232 cop.
1229 4139 1329 4214 Nihil
1345 4147 1490 4217 laedens
1509 4147 1609 4232 illos,
1631 4149 1662 4219 si
1678 4149 1785 4240 sapis.

83 4253 321 4325 Nobilitatem
339 4264 555 4346 prostratam
572 4275 591 4318 a
608 4251 752 4320 fortuna
1073 4239 1149 4315 265
1180 4249 1281 4316 Dem.
1305 4245 1510 4317 Laedimini
1534 4273 1640 4341 ergo,
1664 4251 1694 4321 si
1713 4275 1778 4342 ego
1803 4275 1877 4322 non
1900 4249 2060 4345 polluam

41 4353 107 4426 255
126 4355 406 4430 Nuncmaxime
423 4354 510 4426 vidi.
560 4349 734 4424 Istienim
752 4361 887 4441 epatre
1486 4351 1607 4423 Deos?
1710 4351 1714 4358 ’
1924 4349 1928 4356 ’

81 4459 237 4553 Optimo
253 4462 349 4544 nati,
368 4457 503 4530 suntin
520 4455 676 4526 maxima
693 4452 905 4523 calamitate.
1127 4453 1203 4538 Gap.
1225 4448 1308 4521 Non
1325 4452 1452 4523 vellem
1469 4467 1503 4524 te
1516 4454 1650 4525 bellum
1669 4479 1814 4526 movere
1829 4455 1983 4550 Argivis.

82 4567 183 4636 Deam
209 4563 301 4636 'I'rec
314 4585 371 4632 me
387 4561 467 4632 viae
481 4555 588 4632 huius
603 4581 703 4630 casus
718 4565 862 4647 cogunt,
1124 4555 1224 4624 Dem.
1246 4553 1293 4625 Et
1315 4579 1381 4648 ego
1402 4555 1453 4628 sic
1476 4583 1555 4628 snm
1578 4557 1741 4638 affectus;
1765 4559 1852 4631 istos
1875 4583 1961 4632 vero
1985 4587 2060 4632 non

81 4664 249 4750 OIoIae‚
270 4678 311 4738 nt
324 4689 369 4736 ne
386 4663 563 4756 depellam
578 4676 659 4732 tuos
672 4655 842 4750 hospites.
1485 4662 1659 4733 deseram.

82 4767 211 4840 Prima
226 4793 353 4854 causa,
371 4765 525 4860 Iupiter,
546 4765 585 4834 in
601 4762 699 4834 cuius
714 4785 776 4830 ara
1127 4760 1204 4846 Gap.
1227 4757 1305 4852 Ego
1323 4761 1497 4834 abducam
1514 4788 1624 4834 meos.

35 4867 107 4944 240
129 4871 194 4944 'I'u
217 4874 336 4955 sedes,
364 4867 500 4942 habens
523 4863 619 4938 hunc
640 4877 778 4935 coetum
806 4861 1002 4952 pullorum,
1125 4863 1224 4930 Dem.
1247 4864 1305 4932 An
1321 4888 1397 4934 non
1412 4865 1482 4936 cito
1499 4867 1574 4938 abis
1591 4877 1689 4936 retro
1704 4865 1845 4960 Argos?

82 4973 227 5044 Deinde
239 4975 418 5068 cognatio.
441 4971 488 5042 Et
496 4995 560 5064 ego
578 4995 657 5041 cnm
673 4969 743 5038 illis
759 4979 840 5036 ante
858 4964 1022 5048 debeam,
1072 4959 1150 5031 270
1176 4965 1253 5051 cop.
1280 4963 1397 5036 Sciam
1415 4969 1599 5062 experiens
1617 4969 1700 5042 cito.

444 5087 538 5144 recte
1124 5065 1222 5132 Dcm.
1246 5065 1399 5140 Plorans
1416 5085 1514 5142 certo
1533 5072 1704 5166 attinges,
1728 5069 1837 5164 idque
1851 5067 1982 5140 statim.

35 5175 246 5198 fi——Q

1074 5233 1272 5247 --——-

68 5273 114 5338 te)
134 5270 363 5339 recopulans]
387 5269 682 5334 statuerentur.
703 5269 796 5326 1000,
816 5264 890 5315 1062.
915 5263 1023 5314 adlecta

103 5347 151 5394 eat
177 5343 337 5396 arnonus:
363 5339 527 5404 bystdtces,
554 5337 616 5390 rtdc
641 5337 780 5388 Plutarch.
799 5335 915 5386 Theseo.
933 5330 1021 5398 [t’tnt.
1110 5328 1157 5392 te)
1177 5341 1261 5394 prope
1279 5333 1552 5397 attenuationem]
1571 5338 1614 5386 hta
1632 5337 1659 5386 tn
1679 5348 1766 5398 marg.
1784 5337 1866 5386 satec.
1883 5337 1966 5392 1008..
1981 5339 2048 5388 tm

102 5411 164 5460 vtte
183 5411 280 5464 fuscet
298 5425 322 5466 c.
340 5411 381 5470 7.]
1141 5399 1281 5472 adscripta
1298 5405 1343 5452 eat
1359 5403 1565 5464 interpretaur:
1585 5405 1776 5466 portentosum.
2046 5431 2053 5444 .

33 5491 223 5560 lienam.
246 5499 354 5563 Dera.
376 5494 461 5560 Ver..
484 5489 607 5556 xvut
1505 5469 1554 5542 58
