4698 6106
322 239 404 326 sss
503 149 509 168 Ι
808 257 826 320 ..-
893 226 1860 326 rumtmtseutuerarmnotcanan..
2282 219 2333 358 al

322 411 359 482 ,in
377 415 519 486 promptu
540 415 603 482 est,
624 405 798 482 Euripidem
813 405 927 484 pbiloso
950 403 1027 464 biam
1048 419 1067 464 e
1086 400 1193 462 sobolis
1214 402 1246 462 in
1267 421 1385 464 scensm
1406 403 1580 482 abduxisse,
1600 417 1780 489 arreptpqns
1801 403 1942 483 eiabulis
1962 419 1996 470 et
2009 408 2137 472 historiis
2160 411 2292 482 materia,
2313 427 2333 474 to

322 495 388 561 sins
409 491 556 552 bumonae
577 492 656 552 ritae
677 491 807 551 sationes
827 491 920 550 oculis
928 425 1090 548 hommum
1111 487 1185 548 mira
1213 488 1301 549 simul
1323 507 1390 550 oum
1417 491 1615 552 ootoeeaons
1639 496 1837 573 propqss'ase.
1888 495 1977 566 Quod
2005 498 2030 557 si
2057 497 2224 575 singillatim
2248 515 2281 556 ao
2306 511 2333 576 pt

326 587 430 660 portes
450 577 556 638 inbetr
576 575 800 654 demonstrare,
828 575 964 656 equidem
987 592 1073 652 posse
1095 592 1154 632 non
1176 573 1332 652 desperem
1339 593 1349 648 5
1374 574 1432 634 sed
1452 595 1529 654 opus
1548 597 1658 638 norum
1679 580 1749 640 mibi
1773 591 1960 654 ¹nasceretur.
2009 583 2070 642 Eos
2091 582 2162 642 satis
2191 581 2227 640 sit
2247 582 2333 644 axio<

324 665 445 726 nullum
464 677 532 722 esse
553 661 583 720 in
605 659 789 740 philosophia
810 671 914 740 capot,
937 658 1019 739 quod
1037 659 1077 718 ad
1097 656 1245 720 bumsnae
1267 660 1346 720 sitas
1366 660 1579 724 institutionem
1601 663 1708 742 iaciat,
1737 666 1817 729 ouius
1838 685 1898 726 noa
1920 679 1952 726 et
1972 678 2150 750 praecepta,
2178 677 2209 726 et
2229 665 2333 746 exempl

322 749 452 828 insignis
474 745 520 806 his
541 747 613 824 ipsis
633 747 664 806 in
685 745 891 826 superstitibus
919 747 982 806 eius
1004 739 1159 826 (equidem
1181 743 1220 804 de
1240 762 1348 824 magno
1367 763 1492 808 numers
1520 747 1693 830 perpaucis)
1714 761 1837 812 erstem
1864 753 2033 831 tragoediis.
2083 754 2220 832 Disputat
2246 755 2333 832 quidet

325 835 368 899 do
388 833 474 909 Diis,
493 831 533 892 de
549 831 611 892 toto
623 848 677 890 sau
700 833 792 892 causis
813 848 913 890 rerum
935 830 1146 906 humanarum,
1167 829 1207 888 do
1228 832 1420 908 necessitate,
1441 831 1481 894 do
1503 834 1702 896 uicissitudine
1722 854 1824 898 rerum
1846 847 1877 898 et
1898 838 2109 900 incertitudine
2124 837 2219 912 sarie,
2240 839 2292 898 sed
2311 831 2333 912 itt

328 919 469 981 nitrariis
489 917 623 996 personis
643 915 773 978 dirersss
794 917 958 980 tententiae
980 916 1099 976 tribuat.
1143 916 1209 986 Quo
1230 916 1280 996 qui
1299 935 1357 976 non
1379 918 1559 996 respiqiuot,
1587 921 1607 978 ii
1629 939 1767 1000 magnam
1786 941 1886 984 secum
1905 923 1937 982 in
1957 935 2093 984 autorum
2111 923 2243 1002 gravium
2257 925 2333 1002 script

326 1004 472 1070 inscitiam
492 1001 680 1078 adferentes,
707 1013 832 1081 propter
853 1019 891 1062 ea
912 1001 962 1062 rel
990 1000 1113 1062 laudant
1139 1000 1189 1060 rel
1216 1001 1359 1062 damnent
1385 1003 1577 1080 scriptorem,
1604 1023 1682 1083 quae
1702 1008 1749 1068 illi
1769 1026 1810 1068 ne
1830 1025 1887 1090 per
1915 1005 2034 1070 febrilis
2055 1009 2172 1088 quidem
2200 1001 2333 1076 romnisl

327 1091 457 1150 animum
477 1087 662 1148 accidissent.
704 1088 842 1166 Alioquin
865 1088 958 1146 multa
977 1086 1112 1145 invenies
1134 1086 1264 1164 piissime
1287 1086 1383 1147 dictas
1402 1087 1494 1166 quale
1515 1098 1561 1152 est
1581 1089 1656 1151 illud
1678 1091 1758 1154 initio
1775 1094 1947 1174 Hippolyti,
1967 1095 2064 1157 Deum
2080 1114 2149 1156 snos
2169 1095 2293 1156 cultores
2313 1077 2333 1164 ol

329 1191 415 1252 rare,
434 1183 653 1252 contemptores
674 1175 854 1254 opprimere.
896 1173 936 1232 Et
957 1171 1027 1250 quid
1049 1171 1179 1230 sanctius
1200 1171 1252 1230 illo
1273 1169 1412 1231 Electrae
1434 1171 1529 1232 dictos
2332 1183 2333 1248 ,

994 1298 1038 1319 ...
1059 1267 1156 1352 Qand
1175 1291 1265 1334 auno
1285 1269 1461 1334 osa-iiiam
1480 1279 1607 1350 petam,
2332 1291 2333 1350 q

972 1352 1079 1420 Nobis
1099 1353 1194 1420 Dens
1214 1357 1354 1442 qaaado,
1369 1359 1503 1419 ssss‘seris
1525 1347 1754 1442 irascitari*)

329 1461 417 1533 Quod
439 1461 464 1522 si
484 1459 643 1522 Christiani
662 1460 811 1520 interdum
833 1479 932 1522 secum
954 1473 1145 1544 reputarent,
1166 1464 1256 1541 magis
1279 1463 1317 1528 de
1334 1461 1479 1541 placanda
1491 1461 1618 1520 numinis
1639 1463 1699 1538 ira,
1720 1481 1809 1542 quam
1823 1466 1903 1526 noris
1916 1461 2003 1548 ea“)
2019 1467 2147 1544 peccatis
2165 1481 2326 1544 exasperen

242 1579 248 1598 a
329 1547 503 1626 cogitarent.
546 1546 611 1606 lam
633 1547 682 1626 qui
703 1563 803 1606 rernm
825 1545 1000 1608 caducarum
1022 1548 1178 1624 κυκεῶνα,
1200 1558 1232 1607 et
1251 1547 1394 1607 humanas
1414 1545 1549 1605 miserias
1570 1548 1651 1625 apud
1671 1547 1844 1627 Euripidem
1865 1551 1949 1630 qussi
1970 1551 2002 1610 in
2022 1551 2143 1632 speculo
2164 1554 2273 1627 cernit,
2301 1535 2333 1614 cd

327 1633 381 1695 sibl
403 1631 566 1694 remedium
589 1632 730 1692 adsersus
751 1631 826 1692 haec
847 1633 939 1711 mala,
961 1643 992 1693 et
1013 1634 1191 1712 praesidium
1213 1649 1280 1692 essa
1300 1634 1330 1692 in
1344 1631 1402 1693 Dei
1420 1629 1675 1712 amtorem)
1688 1635 1855 1714 auxilioque
1877 1635 2001 1714 cogitat,
2021 1637 2074 1716 qni
2092 1655 2151 1696 non
2165 1635 2204 1696 ad
2218 1636 2333 1732 pietatet

329 1720 468 1798 vitaeque
489 1717 684 1778 innocentiam
707 1714 877 1778 excitaturi
919 1719 967 1778 De
987 1718 1131 1780 felicitate
1152 1729 1270 1790 autem,
1299 1719 1393 1797 qualis
1414 1717 1564 1778 bominum
1586 1719 1617 1776 in
1638 1727 1721 1778 terra
1741 1720 1904 1781 viventium
1924 1737 1990 1780 esse
2011 1733 2127 1800 potest,
2151 1721 2268 1781 Solonis
2295 1725 2328 1782 ill

328 1797 520 1886 thomam)
545 1803 654 1882 ubique
674 1804 820 1880 inculcat,
848 1805 1087 1883 successibusque
1114 1823 1173 1864 non
1201 1821 1267 1864 esre
1294 1803 1448 1864 fidendum
1474 1802 1573 1863 docet.
1620 1804 1720 1873 Quam
1750 1806 1855 1882 pulcra
1882 1807 2013 1868 ostendit
2033 1806 2170 1867 Theseus
2190 1807 2315 1868 Adrasto

332 1905 443 1952 sanam
465 1905 543 1966 esse,
565 1888 645 1966 qnod
666 1888 799 1948 homines
821 1887 860 1948 de
869 1889 934 1949 Diis
954 1899 1132 1969 querantur,
1152 1888 1242 1969 plura
1262 1907 1314 1949 eos
1335 1889 1415 1947 mala
1434 1897 1531 1968 quam·
1547 1888 1624 1947 bona
1643 1889 1787 1964 dedisse5
1802 1891 1857 1952 sed
1877 1893 1957 1971 ipsos
1977 1911 2031 1952 sua
2052 1892 2252 1971 imprudentia
2270 1893 2301 1952 in
2324 1899 2333 1966 t

328 1975 468 2036 aduersas
489 1989 520 2034 et
542 1974 703 2052 perniciem
722 1971 834 2034 rucrel·
872 1973 1008 2055 Disputat
1028 1975 1061 2034 in
1083 1975 1209 2035 eandem
1230 1975 1410 2034 sententiam
1430 1979 1536 2052 arquis
1550 1971 1770 2054 timasi-t),
1789 1977 1973 2056 voluptatum
1992 1979 2093 2058 spanis
2107 1978 2240 2038 meinos
2261 1979 2333 2048 sedu'

332 2071 365 2120 ut
386 2060 464 2120 mala
484 2061 569 2120 bonis
589 2059 770 2138 praeierant.
813 2059 907 2120 Mults
927 2071 997 2120 suat
1018 2060 1183 2120 huiusmodi
1207 2059 1247 2122 do
1267 2055 1430 2138 supplicio,
1451 2059 1532 2137 qued
1550 2057 1635 2120 Dens
1657 2060 1741 2120 snsl'n
1762 2061 1882 2122 tandem
1901 2064 2032 2142 irroget,
2052 2081 2122 2124 eum
2142 2064 2235 2124 rirtns
2257 2073 2289 2122 et
2311 2055 2333 2146 ip

330 2145 449 2206 demum
471 2163 556 2206 snum
576 2145 706 2206 inveniat
727 2149 901 2224 praemium.
953 2147 1000 2206 De
1028 2146 1208 2226 reipublicae
1235 2144 1487 2206 administratione
1508 2162 1568 2204 nou
1596 2165 1655 2204 uno
1685 2147 1748 2204 loco
1777 2146 1947 2209 disseriturs
1975 2149 2014 2208 de
2036 2149 2118 2208 cuius
2140 2151 2250 2227 optima
2275 2146 2333 2210 fort

328 2229 465 2290 'iheseus
486 2229 641 2310 praeclare
663 2241 764 2290 contra
785 2231 920 2292 Creontis
948 2249 1129 2312 praeconem
1151 2231 1240 2292 rerba
1267 2229 1339 2290 iacit
1360 2229 1563 2310 Supplicibus,
1592 2247 1669 2310 quae
1689 2229 1839 2292 adducere
1861 2243 1893 2293 et
1914 2233 2035 2313 longum
2057 2243 2120 2310 est,
2147 2251 2244 2312 neque
2266 2247 2333 2294 nect

329 2317 449 2462 sariunp.
492 2315 573 2460 Qupid
594 2317 650 2376 hoc
670 2317 823 2379 hienoecei
843 2335 876 2379 se
898 2336 952 2398 pro
973 2317 1070 2397 patria
1091 2295 1264 2378 devorantis
1284 2313 1460 2397 dicto†††)
1482 2325 1581 2394 potest
1603 2315 1766 2396 excogitari
1786 2319 1879 2402 magis
1900 2320 1948 2379 rel
1971 2320 2074 2400 pium,
2094 2320 2141 2378 sel
2163 2319 2245 2376 robus
2264 2319 2333 2392 pubi

330 2403 372 2463 ris
392 2419 424 2463 sa
437 2411 522 2462 utare
2332 2409 2333 2416 ’

348 2495 353 2506 ’
930 2481 975 2551 St
993 2481 1134 2568 quilibet
1154 2494 1318 2566 quaestores
1339 2493 1459 2566 queat,
1478 2491 1611 2546 tantm
1632 2479 1711 2546 tons

929 2567 975 2634 lss
991 2568 1182 2652 psittacos,
1201 2573 1403 2654 patriaeque
1423 2567 1585 2650 confes-at
1604 2589 1702 2632 sanes

928 2655 1018 2720 Mna·
1037 2661 1206 2742 pauciora
1227 2652 1423 2720 ciuitatibus
1444 2655 1547 2730 scola,
1924 2679 1927 2688 ·
2332 2647 2333 2730 1

927 2739 974 2804 Ia
992 2755 1167 2826 posteram
1188 2762 1243 2806 res
1263 2741 1483 2822 arridentque
1502 2759 1699 2824 prosperae.
1795 2737 1804 2750 ’
2332 2739 2333 2774 l

330 2829 446 2890 Verum
468 2825 524 2886 hoo
545 2825 710 2903 mehercle,
732 2825 786 2886 sed
807 2829 891 2887 nimis
913 2850 1002 2910 quam
1024 2849 1134 2890 rarum.
1189 2831 1298 2910 Neque
1319 2829 1446 2892 bellicae
1468 2830 1513 2889 rei
1532 2839 1694 2909 praecepta
1714 2825 1822 2887 omisit.
1869 2826 1905 2884 In
1926 2822 2029 2888 Rheso
2051 2828 2109 2887 tris
2128 2823 2234 2884 ducum
2256 2825 2333 2902 ingel

334 2915 552 2992 depinguntnrs
573 2911 763 2970 temerarium
784 2913 892 2988 Rhesi,
912 2917 1059 2978 successui
1079 2916 1199 2976 nimium
1221 2911 1316 2975 fidens
1338 2915 1489 2992 Hectoris,
1511 2923 1627 2974 cautum
1647 2915 1777 2974 Aeneae.
1818 2909 1881 2970 Sed
1903 2909 1951 2992 (ut
1971 2909 2050 2992 dixi)
2066 2921 2139 2991 quot
2159 2909 2258 2988 capito
2280 2907 2309 2990 (1

332 3017 504 3060 communes
525 2995 647 3074 rorant)
667 3009 737 3058 sunt
757 2995 960 3078 philosophiae
982 3001 1121 3074 moralis,
1151 3014 1223 3082 quot
1243 3017 1292 3060 res
1313 2999 1352 3060 sd
1373 3001 1463 3060 sitam
1484 3015 1668 3062 commanem
1691 2995 1874 3077 dirigendam
1896 2999 2002 3074 utiles,
2033 3007 2078 3056 tot
2098 2998 2131 3056 in
2152 3015 2209 3055 uno
2231 2913 2333 3142 &rigi

330 3085 463 3148 thesauri
484 3083 596 3160 latent,
623 3082 680 3142 hoo
702 3093 765 3161 est,
792 3085 953 3148 innumeri:
983 3101 1104 3168 tamque
1134 3087 1211 3147 latus
1234 3095 1319 3165 patet
1340 3083 1584 3166 pulcerrimarum
1605 3083 1836 3160 sententimnm,
1864 3093 1896 3142 et
1923 3081 2203 3162 sapientissimorum
2231 3081 2328 3140 dictor

330 3187 467 3250 campus,
496 3179 529 3231 ut
550 3179 683 3250 praestet
706 3169 848 3230 lectorem
871 3190 907 3231 eo
929 3173 1102 3248 remittere,
1131 3175 1180 3234 ubi
1209 3175 1275 3254 ipsa
1302 3171 1442 3232 iudicium
1462 3183 1593 3231 moratur
1610 3179 1647 3247 ¹et
1668 3169 1791 3228 distinet
1812 3167 1906 3247 copia.
1955 3169 2118 3228 Praetereo
2140 3185 2237 3242 nunc,
2267 3149 2333 3314 qua]

331 3257 397 3318 eins
418 3255 480 3334 ris,
502 3263 630 3336 quantus
648 3256 678 3314 in
702 3253 828 3315 dicendo
839 3265 987 3337 tornatus,
1016 3259 1144 3338 quaein
1166 3259 1249 3340 poesi
1272 3267 1303 3318 et
1325 3275 1414 3336 quam
1436 3255 1614 3316 admirabilis
1636 3253 1814 3314 oeconomia.
1864 3253 1973 3334 Neque
2004 3255 2084 3314 enim
2111 3253 2223 3312 institui
2254 3251 2323 3309 laud

330 3343 362 3402 in
384 3341 553 3422 praesentia
572 3339 765 3418 Euripidem,
789 3341 839 3422 qui
860 3359 894 3401 se
916 3345 1011 3424 ipsum
1033 3346 1074 3404 ita
1095 3343 1300 3420 commendat,
1322 3353 1355 3402 ut
1376 3343 1470 3402 semel
1491 3342 1652 3420 diligenter
1673 3339 1784 3418 lectas,
1804 3337 1844 3398 ad
1865 3341 1982 3418 saepius
2004 3339 2200 3420 repetendam
2215 3337 2260 3398 sui
2273 3321 2333 3408 leri

331 3445 401 3487 nem
423 3427 546 3488 mirifice
567 3426 672 3485 inritet
693 3438 724 3486 et
745 3427 864 3486 alliciat.
908 3429 1106 3498 Quamobrem
1128 3441 1240 3490 tantum
1261 3437 1395 3488 sutorem
1417 3439 1465 3506 te,
1486 3429 1531 3486 rir
1547 3425 1752 3505 impiissime,
1774 3425 1828 3484 arisi
1850 3435 2005 3504 patronum
2028 3433 2217 3504 poscentem,
2239 3441 2297 3482 non
2320 3411 2333 3480 d

330 3513 411 3590 bito,
433 3515 504 3592 quin
526 3511 615 3571 facile
636 3512 676 3570 sis
698 3513 728 3570 in
751 3521 829 3572 tuam
852 3513 1023 3575 clientelam
1043 3527 1230 3594 accepturus.
1271 3513 1390 3573 Deinde
1412 3531 1477 3571 oum
1498 3509 1636 3590 Philippo
1656 3511 1697 3571 ita
1717 3527 1786 3568 usus
1808 3509 1848 3570 sis
1869 3511 1939 3568 olim
1960 3521 2174 3590 praeceptore,
2196 3519 2231 3568 ut
2252 3519 2285 3566 et
2307 3501 2333 3584 pl

329 3609 423 3680 petua
444 3615 512 3659 eum
535 3609 567 3656 tu
589 3597 773 3680 observantia
794 3599 889 3678 colas,
917 3611 949 3660 et
971 3601 1035 3678 ipse
1058 3611 1088 3660 te
1111 3601 1229 3680 plurimi
1250 3597 1355 3660 saciata
1382 3597 1524 3680 equidem
1545 3596 1617 3655 mibi
1637 3595 1820 3676 persuadeo,
1848 3595 1915 3655 fieri
1936 3613 1997 3656 non
2018 3613 2123 3676 posse,
2150 3595 2222 3676 quin
2247 3611 2289 3652 ex
2310 3581 2333 3740 ᾗ

332 3685 397 3746 eiua
418 3683 482 3743 eius
504 3679 671 3762 proiectum
693 3682 749 3742 hoc
770 3703 861 3764 opus,
888 3687 977 3745 etiam
1000 3685 1055 3744 hoc
1076 3687 1139 3765 ipso
1161 3685 1278 3744 nomine
1297 3685 1337 3744 sis
1359 3695 1474 3762 gratum
1496 3683 1657 3744 habiturus.
1709 3681 1859 3742 Postremo
1887 3679 1959 3740 iacit
1987 3679 2041 3740 boc
2063 3699 2193 3742 summus
2215 3689 2287 3742 tuus

331 3769 544 3848 rempublicam
567 3767 740 3827 litterariam
761 3787 858 3846 amor,
881 3781 968 3831 notus
989 3771 1059 3850 ille,
1081 3781 1112 3829 et
1133 3791 1185 3830 suc
1207 3788 1273 3829 cum
1293 3768 1444 3830 commodo
1459 3770 1592 3848 cognitus
1614 3767 1764 3848 plurimis,
1786 3776 1835 3845 ut,
1857 3767 1995 3846 quicquid
2008 3765 2165 3826 laborisad
2180 3783 2250 3825 eam
2265 3743 2333 3841 angi

331 3857 400 3918 dam
422 3855 598 3934 suscipitur,
620 3853 651 3912 id
672 3871 760 3914 omne
781 3856 833 3916 tibi
854 3867 1010 3935 acceptum
1031 3873 1097 3916 esse
1119 3857 1253 3916 sciamus.
1302 3855 1368 3915 Erit
1389 3853 1490 3933 itaque
1510 3855 1547 3915 Τ.
1568 3853 1604 3914 Δ.
1626 3869 1735 3933 opera,
1763 3869 1851 3931 qnam
1881 3853 2014 3932 impendi
2041 3853 2072 3912 in
2102 3853 2178 3912 bane
2204 3845 2333 3918 editioni

331 3951 414 4003 tanto
434 3941 564 4018 gratior,
593 3949 702 4018 quanto
730 3940 832 4002 iustius
854 3951 919 4002 erat
940 3955 990 4019 te,
1019 3960 1084 4000 cum
1114 3941 1211 4000 studia
1239 3957 1307 4000 mea
1334 3940 1383 3998 din
1412 3940 1596 4020 multumque
1625 3937 1792 3998 incredibili
1817 3937 2026 3998 benevolentia
2053 3936 2192 4014 tosisses,
2219 3937 2321 3995 autori

332 4027 515 4108 consilioque
537 4037 588 4086 tuo
610 4026 824 4106 promovisses,
852 4027 1091 4106 liberalitateque
1113 4026 1289 4104 adiuvisses,
1316 4025 1444 4084 fructum
1466 4024 1596 4104 aliquem
1618 4024 1826 4084 collocatorum
1854 4025 1885 4083 in
1906 4041 1956 4084 me
1977 4021 2185 4084 beneficiorum
2208 4023 2321 4100 parcip

331 4113 437 4192 ltaque
457 4131 525 4174 cum
546 4113 577 4172 in
599 4127 735 4190 magnam
756 4127 840 4192 spem
861 4113 1014 4196 venirem,
1034 4111 1101 4172 iore
1121 4111 1198 4172 hane
1218 4129 1315 4172 meam
1336 4109 1511 4172 industriam
1532 4110 1598 4170 nsni
1618 4109 1736 4186 multis,
1763 4110 1816 4188 qni
1836 4111 1886 4170 rel
1906 4110 2057 4174 Graecum
2077 4109 2181 4190 legere
2203 4109 2318 4188 Euripi

332 4217 393 4260 non
415 4208 552 4277 paens,
573 4196 623 4258 rel
644 4196 862 4275 perdiscendae
883 4199 1005 4278 linguae
1025 4197 1120 4276 qratia
1140 4193 1278 4257 conferre
1291 4197 1409 4257 Graeca
1430 4215 1497 4256 cnm
1517 4195 1632 4256 haduis
1653 4205 1814 4274 euperem:
1833 4197 1977 4275 cogitari,
1997 4195 2169 4256 daohraadi
2188 4195 2275 4274 grati
2297 4207 2333 4342 sp

333 4300 407 4363 erqo
427 4281 507 4343 bunc
527 4295 612 4360 tuse,
639 4283 751 4343 mrsu}
779 4284 1026 4364 prudentissime,
1053 4282 1246 4364 amplitudini
1272 4280 1539 4341 commendandum
1567 4281 1757 4362 Euripidem,
1788 4283 1839 4362 qui
1866 4283 1955 4341 simul
1983 4293 2016 4342 et
2036 4301 2122 4343 mesa
2142 4284 2174 4341 ir
2194 4293 2229 4341 te
2253 4283 2310 4360 pie

334 4381 366 4429 et
389 4369 420 4426 in
441 4369 654 4448 rempublicam
675 4367 850 4429 litterariam
871 4369 960 4432 stndii
981 4381 1061 4430 esset
1082 4375 1301 4450 argumentum.
1350 4366 1458 4448 Accipe
1483 4367 1590 4446 igitur,
1617 4367 1796 4448 praesidinm
1819 4377 1851 4427 et
1880 4377 2087 4429 ornamentum
2109 4368 2228 4450 patriae
2253 4359 2333 4452 clari

333 4471 431 4528 mum,
456 4471 475 4513 s
505 4451 664 4516 nobishoc
691 4455 896 4536 qualecunque
923 4455 1130 4516 munusculum
1160 4472 1196 4514 eo
1224 4453 1341 4531 animo,
1369 4472 1427 4531 qno
1449 4462 1480 4512 te
1510 4469 1576 4512 esse
1598 4470 1671 4532 erga
1692 4471 1794 4514 omnes
1821 4453 2014 4516 honutsrum
2035 4455 2150 4518 artium
2163 4454 2333 4522 studiososl

334 4539 440 4620 quibus
460 4556 559 4600 meum
582 4553 690 4598 somer
712 4539 870 4620 profiteor)
892 4549 1051 4622 expertum
1072 4540 1185 4602 bsbeot
1212 4555 1362 4618 speroque
1388 4556 1438 4600 me
1458 4536 1653 4618 effecturum,
1682 4548 1715 4600 nt
1736 4541 1866 4619 patriae,
1893 4553 1926 4603 et
1947 4543 2228 4624 morborumque,
2262 4545 2333 4640 qui,

367 4791 403 4856 *t
421 4791 473 4846 ato
493 4791 571 4844 rmus
588 4793 692 4857 regrum
709 4793 739 4846 tn
757 4793 851 4858 rura.
871 4791 982 4846 mesto

365 4891 419 4959 oo)
437 4893 486 4956 os]
503 4891 555 4942 rra
574 4891 650 4942 rese.
667 4893 755 4944 nno:
774 4903 836 4944 ss·
2332 4915 2333 4952 ,

366 4992 438 5058 W)
456 4989 648 5062 tnsoostionr]
668 4993 720 5046 tto.
734 4993 810 5050 rete.
829 4995 902 5046 rssts
923 4993 1094 5048 obtunsitate
1114 4996 1144 5049 in
1162 4997 1315 5052 vocatione.
1757 4980 1761 4993 '

366 5093 485 5216 aaa).
477 5093 565 5216 ¹1⁸⁶,ss
573 5095 704 5217 2²35th
720 5093 756 5144 sd
773 5093 886 5146 sotoris
904 5106 965 5146 cors
983 5093 1091 5148 croeso
1108 5096 1321 5162 aspotsttone-
1338 5100 1374 5152 de
1390 5100 1503 5153 tortons
1519 5104 1654 5170 tunsos,
1672 5066 1743 5170 «που
1761 5106 1866 5173 toqttnr
1882 5109 1955 5174 spot
1971 5108 2105 5161 amtor
2122 5109 2147 5174 t,
2164 5109 2299 5170 842.

319 5313 329 5340 ,
368 5261 408 5331 †)
424 5264 456 5318 ln
472 5266 568 5330 lsrlp.
584 5261 768 5330 supplicibus.

367 5361 432 5432 ††)
449 5364 480 5416 ln
498 5363 592 5429 Eurlp.
611 5364 719 5429 ilippol.
737 5375 831 5416 corna.

320 5466 339 5488 '¹
367 5463 457 5538 †††)
475 5467 506 5522 ir
526 5467 620 5534 rorte.
638 5465 783 5524 tuomet.
806 5465 998 5524 ibn—ibib.
1016 5461 1066 5522 Ed.
1082 5471 1197 5526 Butes.
1219 5478 1224 5487 '
