4692 6092
50 315 109 388 115
406 305 514 381 LVII.
559 306 962 382 IN'I'ERPRETATIO
986 307 1365 384 PIIOEIVISSAIIUM
1389 307 1642 383 EURIPIDIS.
1984 312 2062 395 414

89 489 172 559 Olor.
200 484 310 570 „Non
333 483 501 555 convenit
520 477 672 575 pulchra
695 483 813 558 dicere
838 483 878 552 in
901 485 1009 555 rebus
1113 485 1239 571 „Nam
1263 483 1475 555 sufficientia
1499 481 1681 554 sufficiunt
1703 486 1886 556 modestis.

421 582 640 657 inhonestis.
1114 589 1273 684 „Neque
1305 587 1400 684 enim
1435 582 1602 657 homines
1635 588 1803 680 proprias
1835 587 2058 682 possidemus

45 687 106 764 550
123 687 227 774 „Non
247 696 341 763 enirn
368 705 420 763 est
440 686 510 760 hoc
533 692 691 776 bonurn,
714 693 777 764 sed
798 691 927 761 acerba
950 713 1009 760 res
1042 760 1044 770 ,
1476 713 1576 780 opes,

421 806 471 864 est
492 793 660 864 iustitiae.
1115 793 1213 878 „Sed
1238 789 1411 862 habentes
1435 815 1454 859 a
1479 791 1560 862 Diis
1586 793 1708 876 dean,
1731 817 1897 864 curamus
1918 817 1993 864 eas:
2065 799 2070 808 '

82 897 138 965 tn.
158 893 220 976 „0
242 893 313 979 fili,
336 919 412 964 non
438 895 560 965 omnia
585 897 678 965 mala
703 895 878 965 senectuti
1062 891 1138 969 560
1169 897 1263 990 Qui,
1287 897 1432 990 quando
1456 895 1603 978 volunt,
1626 895 1793 966 auserunt
1816 896 1900 966 istas
1923 919 2060 968 rursus.

83 995 255 1080 „Adsuut,
279 997 461 1080 Eteocles3
482 999 545 1069 sed
567 999 787 1093 experientia
1114 999 1304 1084 „Potentia
1323 998 1419 1068 enim
1436 1021 1511 1066 non
1529 1011 1582 1068 est
1597 999 1746 1082 stabilis,
1762 1001 1823 1070 sed
1841 999 1878 1067 in
1895 995 2059 1094 diem⁶¹).
2170 1017 2176 1028 ·

81 1099 212 1184 „Habet
226 1099 275 1198 ⁴⁷)
318 1101 455 1197 aliquid
495 1102 614 1172 dicere
657 1100 854 1194 sapientIus
896 1123 1006 1194 quam
1110 1105 1208 1194 Age,
1239 1103 1270 1173 si
1296 1101 1345 1171 ita
1369 1101 1609 1192 interrogem,
1642 1101 1732 1173 duas
1755 1102 1951 1176 sententias
1973 1125 2058 1194 pro·

425 1205 583 1276 iuvenes.
1182 1251 1187 1266 ·
1473 1227 1613 1294 ponens
1633 1205 1753 1288 simul,

79 1304 221 1398 „Quare
243 1307 436 1399 pessimam
458 1307 620 1378 Deorum
642 1305 876 1398 concupiscis,
1110 1307 1244 1378 Utrum
1253 1307 1515 1398 malisregnum
1532 1319 1668 1391 tenere,
1684 1319 1747 1378 aut
1759 1306 1886 1378 urbem
1895 1327 2056 1378 servare:

43 1399 99 1476 555
128 1409 428 1492 „Ambitionemi
465 1434 487 1480 o
520 1409 590 1492 fili,
629 1433 675 1478 ne
709 1411 839 1494 iacias,
875 1407 1006 1479 iniusta
1112 1409 1279 1502 Regnare
1302 1411 1393 1479 velle
1415 1407 1535 1480 dices?
1588 1409 1627 1480 Si
1649 1434 1736 1480 vero
1758 1403 1885 1482 riserit
1910 1421 1945 1478 te
1970 1407 2061 1492 iste„

435 1511 514 1584 Dea
532 1523 596 1584 est.
1062 1509 1138 1585 565
1167 1513 1215 1583 Et
1234 1513 1454 1605 Argivorum
1484 1506 1587 1583 hasta
1621 1513 1827 1586 exercitum.
1840 1508 2058 1582 Thebanum

80 1608 139 1694 „ln
161 1615 293 1686 multas
314 1615 467 1686 familias
492 1629 525 1684 et
548 1615 656 1686 urbes
675 1616 798 1686 beatas
1480 1616 1629 1707 ceperit,

79 1713 248 1798 „Intravit
266 1731 301 1788 et
316 1743 452 1810 egressa
470 1731 520 1790 est
538 1743 617 1788 eum
635 1717 795 1811 pernicie
815 1714 1009 1796 utentium,
1112 1717 1259 1789 Videbis
1274 1719 1449 1788 domitam
1468 1715 1727 1788 Thebanorum
1749 1717 1929 1788 civitatem
1946 1711 2057 1786 hanc:

76 1817 251 1912 „Propter
269 1849 377 1918 quarn
393 1833 432 1893 tu
449 1821 598 1892 insanis.
641 1821 732 1892 Illud
748 1820 864 1892 multo
880 1817 1008 1888 melius
1111 1821 1260 1893 Videbis
1287 1823 1419 1892 multas
1436 1821 1579 1912 puellas
1605 1821 1776 1914 captivas,

329 1945 331 1952 “
427 1937 497 2007 est,
520 1949 541 1993 o
566 1923 630 2007 fili,
831 1928 838 1938 '
1110 1924 1158 1993 Vi
1180 1937 1303 2018 raptas
1330 1949 1370 1995 ac
1393 1921 1568 1995 hostibus.

75 2021 359 2122 „Aequalitatem
382 2025 569 2122 colum),
596 2049 688 2120 quae
710 2050 853 2120 semper
873 2023 1008 2097 amicos
1111 2027 1286 2098 Dolorem
1311 2024 1400 2098 haec
1413 2027 1597 2119 potentia,
1620 2050 1730 2120 quam
1746 2020 1882 2096 hahere
1898 2021 2056 2120 quaeris,

425 2129 562 2212 amicis,
1062 2125 1139 2203 570
1162 2131 1325 2202 Allatura
1350 2145 1404 2203 est
1423 2126 1627 2210 Thebanis;
1655 2141 1695 2201 tu
1717 2142 1859 2200 tanturn
1883 2152 1921 2198 es
1945 2125 2059 2199 ambi-

38 2217 91 2298 010
110 2231 259 2312 „Urbes
284 2231 453 2318 urbibus,
476 2245 511 2302 et
531 2231 648 2303 socios
670 2230 776 2303 sociis
1470 2232 1595 2304 tiosos.

72 2332 271 2429 „Colligam
303 2337 500 2432 aequalitas
524 2334 622 2404 enim
644 2349 697 2406 est
720 2331 879 2427 legitima
913 2332 1008 2408 inter
1112 2333 1198 2406 Tibi
1216 2335 1362 2431 quidem
1387 2333 1475 2408 haec
1497 2337 1599 2416 dico;
1631 2333 1699 2408 tihi
1721 2357 1830 2417 vero,
1855 2331 2059 2426 Polynices,

430 2435 609 2509 homines.
1476 2434 1577 2510 haec.
1687 2447 1693 2460 '

72 2537 368 2618 „Abundantiori
392 2565 537 2635 semper
562 2541 751 2612 inimicum
775 2553 828 2612 est
1112 2539 1287 2613 Adrastus
1307 2543 1460 2612 contulit
1475 2542 1513 2611 in
1527 2555 1562 2612 te
1577 2537 1866 2632 intempestivam
1883 2534 2058 2630 gratiam

70 2637 148 2728 „ld,
175 2647 381 2740 quodquod
404 2645 524 2717 minus
550 2658 621 2729 est,
654 2658 690 2715 et
713 2639 861 2714 inchoat
885 2639 1006 2712 statim
1111 2641 1159 2714 Et
1196 2646 1303 2716 stulte
1344 2645 1474 2717 venisti
1522 2657 1561 2714 tu
1604 2667 1748 2740 quoque
1791 2652 2058 2734 expugnaturus

421 2745 589 2819 hostilem
608 2749 716 2819 diem.
1472 2747 1643 2840 patriam.

68 2845 232 2926 „Etenim
261 2875 449 2923 mensuras
472 2847 680 2922 hominibus
702 2861 738 2919 et
760 2847 922 2940 pondera
1111 2851 1207 2944 Age,
1228 2849 1259 2920 si
1282 2851 1417 2944 ceperis
1440 2846 1534 2920 hanc
1557 2851 1684 2922 urbem
1710 2848 1827 2945 (quod
1850 2857 2017 2927 avertant

31 2935 89 3019 545
125 2954 372 3050 „Aequalitas
409 2955 613 3042 ordinavit,
649 2967 685 3024 et
717 2975 890 3024 numeros
923 2971 1008 3020 con·
1062 2949 1139 3025 575
1156 2951 1253 3048 Dii):
1272 2955 1580 3049 quomodoeriges
1595 2949 1769 3046 trophaea
1781 2947 2058 3043 istiuspugnae?

430 3059 563 3140 stituit;
1113 3057 1308 3149 Quomodo
1331 3058 1510 3152 primitias
1531 3057 1712 3128 dedicabis
1737 3055 1776 3126 in
1809 3053 2057 3137 sacrificando,

66 3155 369 3256 „Obscuramque
401 3161 613 3254 palpebram
644 3157 782 3242 noctis,
815 3167 851 3228 et
884 3155 1008 3228 lunen
1469 3173 1571 3253 capta
1596 3157 1739 3252 patria?

426 3263 524 3346 solis,
1111 3261 1159 3332 Et
1176 3264 1360 3356 quomodo
1378 3263 1549 3336 inscribes
1565 3263 1679 3356 spolia
1697 3263 1742 3332 ad
1757 3259 1892 3330 flumen
1908 3254 2056 3328 Inachi?

66 3359 139 3444 „Ut
155 3365 360 3463 aequaliter
373 3366 568 3436 circuirent
586 3389 747 3438 annuum
766 3357 1008 3454 secuturam),
1110 3365 1248 3458 Nempe
1272 3367 1317 3436 de
1339 3363 1476 3440 Thebis
1499 3368 1652 3440 incensis
1676 3363 1868 3460 Polynices
1888 3360 1972 3436 Diis
1988 3356 2056 3434 hos

428 3469 625 3541 constituit.
1112 3467 1266 3562 Clypeos
1289 3472 1422 3562 posuit.
1474 3469 1691 3565 Nunquam,
1715 3495 1737 3540 o
1761 3467 1834 3550 fili,
1856 3467 1953 3550 fama

66 3563 136 3646 „Et
158 3583 334 3643 neutrum
358 3567 491 3644 horum
523 3573 679 3644 duorum
701 3565 837 3638 victum
869 3565 1009 3638 invidet
1061 3572 1139 3648 500
1167 3571 1267 3642 Talis
1292 3577 1335 3644 de
1357 3587 1392 3644 te
1416 3576 1454 3644 in
1476 3573 1626 3645 Graecia
1651 3575 1801 3644 seratur.

430 3677 548 3760 alteri,
957 3667 963 3678 ’
1110 3675 1174 3746 Sin
1196 3675 1305 3748 fueris
1329 3679 1464 3762 victus,
1488 3691 1523 3748 et
1547 3701 1603 3748 res
1627 3673 1735 3748 huius
1761 3673 1969 3746 succedant:

65 3769 209 3870 „Atque
235 3774 285 3845 ita
309 3777 365 3848 sol
389 3791 424 3848 et
443 3803 518 3848 nox
538 3777 701 3850 serviunt
724 3771 944 3846 hominihus.
1113 3778 1307 3872 Quomodo
1323 3781 1636 3873 veniesadArgos,
1647 3781 1855 3873 relinquens
1864 3776 2055 3844 innumera

25 3861 170 3950 550'1'u
203 3891 327 3949 autem
360 3907 436 3952 non
466 3881 657 3954 sustinebis
687 3875 821 3952 hahere
852 3899 1005 3970 aequam
1471 3883 1673 3954 cadavera?

419 3999 562 4078 partem
587 3983 702 4078 regni,
1111 3981 1159 4052 Et
1179 3985 1273 4053 dicet
1293 3985 1440 4080 aliquis:
1493 3986 1529 4057 O
1552 3986 1711 4058 infelices
1732 3983 1890 4076 nuptias,

62 4073 104 4148 Et
128 4075 215 4154 huic
244 4084 401 4158 tribuere
425 4113 525 4160 suam
549 4085 718 4182 partem?
740 4084 804 4154 uhi
825 4093 878 4156 est
903 4079 981 4158 ius?
1111 4087 1283 4170 Adrasta,
1332 4091 1529 4172 collocans,
1578 4101 1727 4181 propter
1767 4085 1874 4158 unns
1914 4079 2055 4173 puellae

63 4179 155 4272 Quid
181 4190 434 4282 tyrannidem,
458 4193 602 4262 beatam
629 4189 874 4269 iniustitiam,
1461 4180 1678 4282 coniugium

63 4281 173 4358 Valde
198 4293 288 4363 colis
314 4307 349 4363 et
371 4295 594 4388 magniirrcis,
1063 4289 1140 4366 585
1167 4292 1325 4364 Exitium
1355 4295 1453 4364 nacti
1477 4293 1666 4390 sumusffi).
1727 4287 2056 4366 Festinandum
2141 4311 2144 4322 ·

62 4385 211 4463 Ilonore
237 4397 330 4465 affici
353 4421 523 4489 magnum
548 4393 678 4490 putas?
701 4394 810 4464 inane
835 4401 886 4462 est
910 4385 994 4471 hoc,
1475 4397 1591 4481 mala,
1616 4421 1639 4466 o
1661 4394 1728 4466 fili:

19 4479 85 4561 555
108 4494 169 4565 An
196 4499 351 4570 multum
376 4503 546 4572 laborare
566 4501 639 4582 vis,
669 4493 808 4568 habens
830 4493 943 4566 oculta
969 4493 1008 4560 iu
1112 4498 1186 4571 Illis
1209 4499 1368 4593 privari,
1394 4512 1431 4569 et
1451 4503 1577 4570 cadere
1600 4498 1637 4568 in
1661 4496 1783 4570 medio
1806 4491 1952 4578 horum.

422 4601 561 4674 domo?
922 4665 926 4674 ,
1112 4603 1329 4688 „Remittite
1376 4599 1640 4674 vehementiam
1683 4599 1815 4684 animi,
1861 4593 2054 4674 remittite;

60 4697 158 4792 Quid
186 4717 241 4776 est
263 4701 334 4777 hoc
355 4705 537 4801 amplius?
561 4725 696 4775 nornen
720 4697 829 4770 habet
854 4709 1007 4770 tanturn.
1475 4706 1614 4778 institia
1913 4772 1918 4782 ,

21 4865 223 4891 ὴ,-
1113 4808 1300 4902 „Quando
1334 4811 1371 4880 in
1402 4835 1513 4882 unum
1546 4805 1731 4891 convenit,
1758 4803 1954 4874 maximnm
1980 4824 2055 4870 ma·

853 4980 858 4992 ·
967 4977 973 4992 ·
1477 4915 1550 4983 lum
1578 4923 1641 4982 est.

46 4991 91 5058 ⁴²)
109 4997 219 5056 HM]
237 4993 280 5051 ⁸¹0
297 4996 345 5054 (τ
364 4994 459 5057 Enrlp.
477 4989 550 5062 ἔχει)
566 4993 666 5056 Rern,
684 4989 808 5052 Musgr„
825 4979 903 5043 Fixa
921 4975 1008 5035 nanc

77 5065 174 5134 issa,
195 5063 272 5118 ¹562.
291 5065 378 5116 nate:
397 5066 514 5117 Habent.

1114 5015 1212 5084 Cloe.
1235 5011 1270 5084 O
1284 5013 1366 5098 Dii,
1388 5015 1480 5090 fiatis
1496 5039 1679 5089 aversores
1694 5012 1844 5084 istorum
1859 4987 2054 5086 malorum,

48 5159 92 5228 ts)
112 5165 146 5220 11.
166 5166 187 5216 t.
207 5163 236 5218 n
253 5163 297 5216 tals
312 5164 397 5214 narrt.
414 5165 482 5214 note
498 5173 602 5226 mergo
620 5161 696 5210 Lens
712 5149 903 5220 enarrantis.
1065 5189 1272 5204 .....-.-.

47 5263 92 5330 (a)
112 5267 142 5316 ld
161 5267 308 5331 quodquod
326 5267 418 5318 antuus
436 5267 496 5325 est]
520 5263 560 5315 sle
579 5261 661 5346 ltdtit.
681 5257 774 5342 1550,
794 5255 888 5322 iifl-3
913 5255 1008 5320 hmo
1092 5279 1144 5349 ῃ)
1164 5283 1197 5334 ῃ,
1211 5284 1229 5336 ι,
1248 5283 1277 5334 ῃ,
1294 5283 1380 5335 ΕΜ
1395 5285 1483 5350 ¹558,
1502 5285 1581 5339 tm.
1599 5286 1667 5336 „orn
1684 5293 1787 5347 mg:
1805 5279 1883 5330 non·
1900 5285 1954 5338 nen
1971 5269 2052 5338 (pros

81 5337 211 5398 ¹¹⁰¹!ss
228 5339 260 5390 Ν
276 5338 349 5402 ³²⁰¹
364 5338 456 5388 ΗΜ
474 5337 520 5386 ⁶⁸⁸
536 5331 645 5400 (³⁰¹¹P·
663 5323 844 5391 ‘mmm'
1129 5349 1207 5418 naut)
1226 5353 1379 5402 nonianus
1397 5355 1478 5414 date,
1498 5367 1552 5406 non
1572 5353 1715 5416 mnrrciplo.

48 5435 95 5502 55)
121 5449 247 5494 aureuma
272 5435 417 5505 amhn]
452 5437 496 5490 sto
524 5435 574 5504 (ἐκ
597 5436 689 5500 terto
718 5427 863 5486 latomos·
890 5424 1007 5496 aanor)
1093 5435 1142 5504 ss)
1161 5437 1282 5488 ttxtttsn
1297 5439 1373 5488 aneu
1390 5442 1504 5526 sonos]
1528 5441 1573 5515 atq
1587 5439 1637 5492 tte.
1657 5436 1751 5494 lma
1772 5433 1825 5489 Ed.
1844 5427 1920 5482 1558.
1942 5423 2052 5476 Εῐῑΐῦῑ

82 5509 169 5561 retra
192 5511 284 5571 1155..
306 5514 407 5574 nurse,
431 5509 553 5574 storga,
573 5508 649 5570 110.)
675 5505 725 5558 nt.
746 5505 822 5555 1558.
841 5513 939 5554 erroro
957 5501 1008 5563 ty·
1126 5507 1202 5557 met
1226 5519 1321 5563 sumne
1346 5509 1455 5572 (susp,
1479 5507 1685 5574 mapsam,
1713 5507 1821 5569 nrm,
1840 5503 1963 5562 nurgr„
1993 5490 2053 5542 ⁸¹¹·

84 5587 181 5642 pogna
200 5583 319 5632 manunt
337 5579 475 5630 saccaron
510 5585 513 5594 '
1126 5576 1286 5636 Pectines).
1884 5621 1887 5632 ,
1973 5601 1983 5619 .
