4794 6124
4 91 7 166 l

8 209 121 282 ,17

161 377 222 452 Ac
236 369 450 450 hominibus
462 377 575 450 multa
597 375 765 448 accidunt
789 388 939 469 propter
964 399 1072 466 gene-

69 485 172 556 ralem
192 479 517 564 constitutionem,
541 503 618 550 non
641 503 683 550 ex
703 479 852 572 propria
877 479 1073 571 particula-

67 591 110 660 ris
124 597 286 656 naturae
303 583 492 678 qualitate:
519 595 560 652 ut
576 585 723 678 qrrando
746 595 896 676 propter
921 605 1070 673 magnas

70 691 149 762 aeris
170 685 457 770 conversiones,
500 710 592 780 quae
617 687 807 756 difficulter
840 685 960 755 caveri
987 709 1071 777 pos-

71 809 157 878 sunt,
181 803 291 861 totae
319 801 442 880 gentes
464 787 665 873 intereunt,
698 790 789 860 sicut
810 790 850 859 lit
871 787 909 856 in
931 786 1070 856 ardori-

72 902 151 978 bus,
172 907 229 964 aut
244 890 481 986 pestilentia,
502 903 563 961 aut
576 891 739 975 diluviis,
763 916 843 962 cum
860 915 1002 984 semper
1016 890 1071 958 in·

82 1001 296 1070 leriorcausa
316 995 527 1066 succumbat
547 995 680 1064 maiori
701 1007 736 1065 et
757 993 936 1064 validiori.
988 993 1069 1064 Atia

91 1127 150 1172 reto
165 1097 348 1168 eveniunt
375 1109 524 1188 propter
547 1097 770 1188 singulorum
795 1097 959 1168 naturale
981 1109 1070 1166 tem·

77 1215 342 1300 perimentum,
373 1201 418 1267 ab
438 1199 562 1290 exigua
578 1213 614 1270 et
631 1201 802 1270 imbecilli
819 1200 909 1270 coeli
928 1201 1070 1269 actione

72 1321 144 1380 orta.
192 1305 280 1374 Hoc
301 1303 515 1372 discrimine
538 1301 813 1386 animadverso,
839 1301 1069 1396 perspicuum

70 1427 126 1494 est,
148 1421 324 1488 eventus,
352 1429 419 1474 seu
434 1430 641 1476 communes
657 1432 720 1477 seu
735 1405 982 1498 particulares,
1006 1405 1072 1500 qui

72 1513 185 1584 acuelo
209 1523 370 1580 tantum
398 1507 584 1592 oriuntur,
618 1509 676 1579 cui
697 1509 796 1579 nulla
821 1510 874 1580 vis
898 1510 1070 1580 obsistere

73 1629 182 1712 potest,
235 1613 424 1708 quodque
454 1611 528 1680 vim
560 1612 737 1682 maiorem
768 1609 878 1682 habet
909 1613 1071 1706 quolibet

70 1735 171 1793 conua
188 1717 367 1798 nitente,
397 1714 598 1784 necessario
616 1716 789 1786 accidere.

155 1821 228 1890 atii
246 1843 346 1888 vero
365 1829 534 1901 eventus,
560 1817 709 1912 quinon
725 1844 744 1887 a
762 1817 838 1889 solo
855 1829 958 1888 motu
980 1814 1070 1884 coeli

75 1925 243 2006 oriuntur,
285 1921 321 1992 si
349 1920 528 1989 accedant
553 1921 716 2014 opposita
747 1920 926 2002 remedia,
967 1918 1070 1988 facile

79 2039 272 2106 nutantum
319 2023 355 2092 si
392 2047 482 2092 vcro
515 2047 590 2091 non
625 2019 864 2094 adhibeantur
898 2021 1072 2104 remedia,

85 2143 222 2198 euentus
241 2139 438 2219 sequentur
461 2123 596 2218 primas
620 2152 754 2198 causas.
820 2125 932 2224 quue
954 2127 994 2194 fit
1017 2124 1071 2192 in·

97 2231 224 2300 scientia
245 2223 451 2309 hominum,
485 2252 560 2298 non
584 2243 733 2322 propter
753 2231 899 2301 fatalem
921 2225 1072 2299 necessi-

88 2347 195 2404 tatem.
255 2329 357 2401 ldem
382 2329 515 2399 accidit
539 2331 577 2398 in
603 2333 790 2417 omnibus,
824 2357 916 2430 quae
936 2328 1073 2402 habent

78 2437 387 2508 caasasnaturales
407 2445 443 2502 et
458 2434 648 2526 principia.
702 2435 796 2507 Nam
815 2449 850 2506 et
875 2435 1012 2528 lapides
1037 2445 1073 2503 et

77 2541 201 2634 plantae
228 2551 266 2608 et
294 2537 527 2620 animantia,
578 2551 613 2606 et
642 2539 791 2610 vulnera
821 2553 856 2610 et
886 2539 1007 2608 morbi
1037 2548 1073 2606 et

76 2643 322 2736 aegritudines,
361 2639 499 2732 partim
524 2643 741 2714 necessarias
760 2639 895 2713 habent
917 2641 1072 2714 effectio-

75 2772 143 2832 nes‚
166 2745 305 2840 partim
320 2743 502 2836 impediri
520 2743 693 2838 oppositis
710 2747 878 2844 remediis
894 2757 1056 2840 possunt.

159 2848 217 2920 Sic
233 2849 352 2940 igitur
370 2845 650 2917 existimandum
670 2863 742 2933 est,
762 2864 919 2930 ¹naturae
937 2849 1074 2922 studio-

72 2979 122 3025 sus
137 2953 344 3046 praedicere
373 2963 544 3035 eventus,
577 2951 640 3046 qui
665 2952 831 3026 accidunt
852 2947 1073 3048 hominibus,

73 3057 137 3126 tali
149 3055 333 3138 doctrina,
357 3077 440 3122 non
454 3052 558 3122 inani
571 3054 693 3150 aliqua
713 3057 898 3149 opinione.

183 3155 347 3244 Quorum
357 3155 472 3247 igitur
490 3169 682 3228 eventuum
706 3161 840 3232 multae
863 3174 899 3231 et
920 3183 1074 3252 magnae

87 3279 209 3328 causae
227 3269 326 3340 sunt,
355 3255 396 3329 bi
417 3272 507 3330 eunt
527 3259 769 3345 inevitabiles;
812 3265 874 3335 sed
896 3264 976 3346 alii,
1011 3262 1075 3358 qui

74 3361 222 3432 leviores
252 3357 394 3432 habent
427 3387 579 3448 causas,
627 3365 731 3436 facile
766 3367 875 3439 vitari
906 3379 1075 3460 possunt;

75 3467 156 3536 sicut
170 3466 323 3549 medici,
351 3467 421 3560 qui
441 3469 589 3538 morbos
605 3481 681 3538 arte
697 3471 910 3554 observant,
945 3470 1077 3542 discer-

78 3593 154 3640 nere
167 3583 320 3662 possunt
336 3569 468 3639 letales
487 3571 532 3640 ab
548 3571 610 3656 iis,
634 3573 796 3666 quisunt
812 3573 999 3646 curabiles.

169 3673 220 3742 lte
236 3669 293 3744 his
309 3673 429 3762 igitur
445 3675 649 3760 eventibus,
676 3678 740 3771 qui
755 3677 890 3748 mutari
913 3690 1079 3770 possunt,

78 3775 120 3844 sic
136 3777 322 3847 audiemus
339 3772 641 3864 Genethliacum‚
668 3805 750 3850 cum
768 3781 849 3852 talis
874 3781 921 3854 sit
946 3783 1078 3852 consti-

80 3879 178 3948 tutio:
203 3880 381 3950 siluerit
407 3881 594 3952 conversio
617 3885 893 3978 temperamenti
915 3885 1078 3978 corporis

84 3985 261 4054 secundnm
277 3985 365 4078 plus
382 3983 443 4052 vel
459 3983 596 4070 minus,
630 3986 729 4058 iuxta
755 3983 850 4059 hanc
870 3988 964 4058 aeris
988 4013 1077 4083 qua-

88 4081 230 4170 litatem,
249 4087 412 4158 morbus
428 4086 509 4158 talis
529 4088 664 4162 existet.
716 4089 774 4162 Sic
795 4104 830 4162 et
854 4092 1013 4167 medicus
1033 4093 1079 4163 de

83 4183 245 4262 uleeribm
258 4191 454 4272 iudicans,
479 4191 639 4262 futurum
653 4194 853 4286 praedicet:
889 4219 981 4290 qnae
1006 4219 1079 4266 ser-

86 4307 181 4378 pent,
203 4319 293 4390 qnae
310 4294 619 4388 putrefactionem
633 4297 776 4370 facient.
819 4298 878 4368 Sic
894 4299 987 4368 etde
1005 4323 1080 4370 me·

92 4394 171 4464 utu
182 4399 245 4466 dici
260 4409 408 4492 potest:
435 4395 585 4488 Magnes
600 4401 736 4472 serrum
754 4397 877 4472 trahit.
930 4401 1080 4474 Utrum·

105 4515 161 4582 que
173 4501 251 4572 enim
267 4503 298 4574 si
312 4524 411 4572 suae
427 4512 576 4570 naturae
592 4503 834 4598 relinquetur,
861 4518 897 4576 et
911 4505 1080 4598 ignoren-

101 4603 158 4662 tur
175 4600 417 4694 impedientia‚
443 4603 515 4674 vim
532 4607 708 4676 exercebit
726 4633 812 4678 suae
830 4621 981 4680 naturae
995 4633 1081 4702 pro·

81 4699 204 4792 priam
220 4713 440 4804 etprimam.
498 4707 569 4777 Sed
589 4710 709 4780 ulcera
733 4735 798 4780 uec
820 4725 985 4804 serpent,
1014 4736 1082 4782 nec

74 4815 375 4896 putrefactionem
393 4808 540 4894 facient,
566 4813 597 4886 si
612 4814 793 4912 contraria
809 4815 949 4884 curatio
965 4838 1082 4885 acces-

75 4917 171 4996 eric:
196 4946 262 4992 nec
283 4923 437 4991 ferrum
461 4909 579 4986 trahet
598 4941 765 5010 magnes,
798 4916 829 4988 si
848 4915 1008 5010 magneti
1031 4917 1082 4988 al-

259 198 403 288 vau
446 197 845 280 INTERPRETATIO
867 199 1040 276 OPERIS
1066 191 1459 296 ouauulrtn'rtut
1481 188 1771 266 PTOLEMAEI
1804 187 1894 262 LlB.
1910 187 1937 262 l.

2074 189 2129 278 u

1121 386 1193 446 tur.
1250 369 1321 443 Sed
1342 395 1425 441 cum
1447 367 1704 462 praevidentur
1726 377 1761 436 et
1782 365 2131 454 caventurtjnaturan

1121 477 1214 548 libus
1228 473 1410 558 remediis,
1434 496 1527 566 quae
1544 471 1618 540 vim
1635 466 1769 539 habent
1784 468 2004 538 contrariam
2020 469 2128 562 quasi

1122 579 1223 650 fatali
1242 578 1389 660 ordine,
1417 588 1481 646 aut
1501 599 1648 668 prorsus
1675 583 1907 656 avertuntur,
1944 583 2007 642 aut
2028 572 2132 646 miti-r

1123 696 1255 776 gantur
1271 693 1430 752 eventus.

1224 783 1392 878 Denique
1407 806 1488 852 cum
1506 781 1630 852 eadem
1647 779 1701 848 vis
1717 775 1957 868 conspiciatur
1974 775 2014 846 in
2036 801 2130 872 qua-s

1122 901 1207 958 tuor
1221 888 1308 958 anni
1321 886 1506 980 partibus,
1534 884 1620 953 etin
1637 875 1915 974 particularibus
1929 904 2130 972 corporum

1122 991 1404 1072 mutationibus,
1446 987 1578 1057 mirum
1603 998 1674 1070 est,
1709 1009 1772 1055 cur
1794 1007 1919 1052 omues
1943 984 2127 1056 fateantur

1122 1097 1307 1186 generales
1341 1090 1605 1186 praedictiones
1638 1087 1826 1180 possibiles
1861 1111 1955 1169 esse,
2003 1089 2128 1181 eisque

1122 1199 1231 1268 fidem
1253 1195 1431 1278 habeant,
1470 1205 1505 1264 et
1530 1191 1751 1284 diligentiam
1774 1189 1813 1260 in
1838 1192 1998 1260 cavendo
2023 1187 2127 1264 adhi-

1121 1303 1242 1372 beant.
1292 1300 1387 1374 Nam
1407 1310 1563 1392 quatuor
1585 1295 1672 1364 anni
1693 1307 1878 1386 tempora,
1912 1305 1947 1362 et
1972 1295 2128 1366 lixarum

1122 1405 1306 1476 stellarum
1330 1400 1627 1494 significationes,
1662 1410 1697 1468 et
1712 1395 1837 1467 Lunae
1853 1395 2011 1489 positus,
2045 1399 2128 1489 plus

1122 1509 1206 1578 rimi
1223 1521 1258 1576 et
1271 1509 1466 1578 observant
1482 1516 1517 1573 et
1532 1527 1663 1594 magna
1680 1500 1863 1592 diligentia
1881 1500 2039 1570 remedia
2060 1527 2127 1594 ops

1122 1623 1281 1703 ponunt;
1326 1622 1463 1680 aestum
1498 1606 1639 1676 leniunt
1671 1605 1778 1675 rebus
1811 1603 2129 1695 frigefacientibue,

1122 1711 1278 1784 hiemem
1310 1709 1619 1794 calefacientibus,
1665 1719 1701 1776 et
1731 1708 1769 1776 in
1799 1707 2008 1798 universum
2038 1711 2128 1778 dant

1124 1841 1294 1910 operam,
1319 1827 1360 1886 ut
1382 1823 1752 1907 temperamentorum
1769 1809 2035 1882 mediocritates
2052 1813 2131 1885 effia'

1124 1920 1237 2001 ciant;
1281 1919 1474 1988 observant
1499 1931 1535 1986 et
1560 1917 1680 1988 stellas
1703 1916 1810 1999 fixas,
1852 1927 1934 1984 ante
1966 1927 2127 2009 quatuor

1124 2023 1212 2094 anni
1225 2034 1390 2114 tempora
1407 2029 1443 2090 et
1458 2033 1541 2089 ante
1559 2017 1821 2108 navigationes.
1870 2015 1912 2086 In
1929 2017 2026 2090 coitu
2040 2043 2129 2101 vero

1123 2149 1295 2218 pecorum
1321 2136 1356 2194 et
1376 2123 1538 2194 serendis
1558 2121 1710 2214 plantis,
1744 2121 1871 2194 Lunae
1889 2123 2028 2214 positus
2044 2145 2131 2194 cona
2254 2129 2258 2138 '

1123 2229 1303 2308 siderant;
1331 2251 1448 2320 neque
1474 2222 1568 2296 hanc
1590 2225 1815 2316 diligentiam
1839 2239 1902 2296 aut
1925 2225 2130 2318 impossibi-

1123 2333 1215 2416 lem,
1256 2342 1320 2400 aut
1342 2329 1505 2412 inutilem
1532 2353 1606 2400 esse
1631 2341 1787 2400 censent.
1856 2329 1930 2399 Cur
1956 2329 2064 2420 igitur
2088 2331 2129 2400 in

1124 2433 1403 2528 particularibus
1433 2445 1568 2526 negant
1602 2431 1810 2524 possibilem
1840 2432 2127 2524 praedictionem

1125 2551 1189 2610 aut
1200 2537 1326 2608 utilem
1345 2561 1439 2620 esse,
1466 2563 1547 2607 cum
1564 2559 1607 2606 ex
1622 2536 1844 2630 reliquarum
1862 2535 2130 2628 proprietatum

1124 2642 1302 2724 mixtura,
1334 2641 1453 2712 maior
1477 2653 1539 2712 aut
1562 2639 1684 2710 minor
1708 2651 1826 2710 aestus
1848 2651 1911 2710 aut
1932 2633 2131 2714 humiditas

1124 2741 1371 2838 praedicitur?

1230 2847 1322 2922 Cum
1336 2859 1457 2918 autern
1473 2846 1706 2934 manifestum
1721 2844 1785 2930 sit,
1806 2847 1990 2938 generales
2012 2863 2133 2924 aestus

1125 2952 1246 3024 minus
1262 2950 1395 3024 sentire
1417 2973 1497 3034 eos,
1530 2947 1593 3044 qui
1616 2949 1746 3041 frigida
1771 2965 1978 3043 opponunt:
2012 2968 2134 3048 potest

1127 3059 1254 3128 eodem
1271 3056 1381 3127 modo
1399 3053 1438 3124 in
1452 3053 1695 3144 singularibus
1712 3053 1809 3138 fieri,
1843 3067 1884 3126 ut
1898 3073 2133 3148 opponantur

1126 3158 1286 3232 remedia
1308 3158 1479 3226 adversus
1505 3181 1567 3239 ea,
1599 3179 1692 3249 quae
1715 3169 1848 3248 augent
1871 3157 2133 3238 immoderatos

1128 3266 1300 3346 ardores,
1325 3258 1556 3356 pecrdiariter
1573 3259 1613 3329 in
1627 3254 1698 3328 hoc
1715 3271 2014 3352 temperamento.

1230 3365 1301 3438 Sed
1317 3387 1458 3436 errores
1481 3363 1520 3432 in
1542 3362 1785 3456 singularibus
1805 3388 1849 3434 eo
1874 3367 2017 3458 saepius
2040 3372 2132 3442 acci.

1128 3471 1239 3554 dunt,
1267 3479 1461 3562 propterea
1483 3470 1582 3562 quod
1607 3467 1797 3538 difficulter
1820 3471 2025 3561 praevideri
2050 3500 2137 3568 pos..

1129 3586 1232 3657 sunt,
1259 3573 1358 3668 quod
1374 3571 1481 3642 etiam
1497 3569 1536 3642 in
1555 3571 1706 3666 reliquis
1727 3572 1864 3644 artibus
1885 3575 2034 3661 accidit,
2066 3580 2134 3652 eis-

1130 3702 1199 3774 que
1212 3678 1321 3746 fidem
1338 3671 1507 3751 detrahit.
1558 3675 1699 3746 Deinde
1714 3677 1928 3774 plerumque
1950 3683 2133 3756 contraria

1129 3780 1289 3852 remedia
1304 3780 1549 3872 negliguntur,
1574 3803 1616 3848 ac
1629 3780 1812 3852 rarissima
1829 3793 1882 3852 est
1894 3796 2025 3854 natura
2039 3788 2131 3856 adeo

1129 3885 1233 3970 felix,
1259 3907 1351 3980 quae
1370 3883 1454 3952 inde
1470 3907 1584 3978 usque
1605 3885 1651 3954 ab
1672 3885 1820 3955 exordio
1842 3909 1918 3955 non
1933 3886 2042 3958 fuerit
2062 3889 2134 3963 ime

1129 3989 1265 4082 pedita.
1315 3984 1403 4058 Inde
1426 3989 1487 4071 lit,
1517 3999 1559 4058 ut
1581 3988 1829 4060 existimentur
1853 3989 1974 4060 omnia
2000 3989 2140 4069 immu-·

1132 4091 1290 4162 tabiliter
1305 4091 1468 4174 evenire,
1493 4113 1559 4160 nec
1573 4095 1693 4162 caveri
1708 4116 1823 4184 posse.

1234 4194 1293 4264 Sic
1315 4193 1426 4286 igitur
1448 4205 1585 4264 statuo:
1626 4196 1678 4266 Ut
1698 4191 1898 4290 praevisio,
1933 4195 1998 4268 etsi
2020 4196 2134 4280 inter-

1131 4299 1218 4370 dum
1232 4297 1410 4384 fallimur,
1437 4310 1560 4366 tamen
1576 4297 1696 4393 aliqua
1711 4297 1890 4390 possibilis
1907 4311 1978 4384 est,
2004 4313 2040 4374 et
2055 4299 2135 4368 ani-

1132 4402 1382 4474 madversione
1400 4403 1526 4494 digna:
1554 4402 1603 4472 sie
1620 4414 1655 4472 et
1670 4401 1871 4471 doctrinam
1895 4402 1939 4472 de
1964 4403 2133 4476 cavendis

1132 4504 1258 4590 malis,
1299 4504 1440 4576 etiamsi
1467 4528 1543 4574 non
1566 4504 1686 4574 omnia
1714 4503 1863 4588 avertit,
1905 4516 2133 4579 tamencum

1133 4609 1254 4702 aliqua
1276 4607 1450 4700 depellat,
1473 4631 1538 4678 seu
1558 4630 1712 4698 magua,
1737 4629 1799 4677 seu
1815 4630 1949 4700 parva,
1974 4607 2144 4702 studioso¹

1134 4709 1303 4803 amplecti
1318 4723 1353 4780 et
1369 4709 1493 4803 magni
1507 4709 1599 4779 lucri
1615 4711 1728 4781 instar
1742 4711 1871 4780 ducere
1889 4711 2070 4782 convenit.

1237 4812 1335 4884 llaec
1363 4839 1444 4884 curn
1467 4812 1636 4906 Aegyptii
1664 4813 1904 4903 intelligerent
1931 4813 1981 4882 ita
2008 4837 2046 4886 se
2067 4809 2133 4883 ha·

1133 4917 1239 5000 bere,
1261 4916 1325 5010 qui
1338 4911 1433 4986 hanc
1447 4928 1561 4986 artem
1584 4916 1739 4986 maxime
1760 4915 2005 5002 celebrarunt,
2028 4939 2134 5008 prae·

73 5013 147 5090 ftmn
164 5025 280 5096 fuerit
297 5023 466 5094 illatum.
517 5018 615 5090 Sicut
640 5020 749 5112 igitur
772 5015 861 5090 haec
883 5019 1082 5112 impedien-
1134 5018 1351 5090 dictionibus
1375 5019 1627 5090 astronomicis
1648 5043 1790 5112 semper
1813 5017 1991 5088 medicam
2016 5031 2134 5091 artem

71 5121 109 5192 ‘ia
130 5129 209 5202 lato
235 5129 369 5224 aliquo
398 5122 563 5194 naturali
584 5123 804 5194 contrariam
831 5119 967 5194 habent
995 5123 1083 5207 vim,
1135 5123 1387 5194 adiunxerant.
1453 5121 1579 5216 Neque
1605 5121 1700 5190 enim
1726 5121 1947 5214 expiationes
1971 5132 2008 5192 et
2030 5145 2135 5193 aver·

67 5225 105 5296 tic
128 5249 163 5306 et
195 5237 243 5308 de
277 5225 591 5302 inclinationibus
620 5251 640 5298 a
672 5227 773 5298 coelo
810 5226 899 5298 ortis
931 5229 1084 5312 dicatur,
1134 5226 1253 5299 siones
1268 5237 1305 5296 et
1326 5225 1485 5296 remedia
1507 5226 1678 5296 adversus
1699 5225 1822 5294 futura
1845 5235 1909 5296 aut
1931 5224 2133 5316 praesentia

63 5353 135 5406 tum
152 5343 477 5437 antignorantut
493 5329 636 5416 futura,
669 5343 732 5401 aut
746 5355 822 5400 non
836 5329 1084 5424 impediuntur
1135 5330 1250 5412 mala,
1286 5329 1493 5398 communia
1516 5328 1573 5398 vel
1595 5325 1848 5419 particularia,
1887 5325 2135 5408 tradidissent,

65 5447 245 5522 mattarii,
261 5449 411 5528 rebus,
445 5433 590 5530 primae
611 5445 764 5506 naturae
786 5435 915 5506 seriem
933 5455 1084 5530 sequen·
1135 5433 1166 5538 si
1181 5433 1220 5504 in
1234 5427 1303 5502 hac
1318 5430 1490 5524 opinione
1505 5431 1673 5514 fuissent,
1695 5430 1810 5500 averti
1825 5439 1887 5500 aut
1903 5427 1982 5503 tolli
1999 5451 2041 5498 ea
2054 5449 2138 5507 non,

102 5559 281 5640 Imm,
307 5569 442 5638 0⁹¹⁸·
467 5550 558 5618 Vua.
578 5551 706 5618 xvut
1539 5537 1566 5608 2
