4844 6122
99 211 164 284 tlt
258 200 392 278 XLVII.
435 198 834 278 INTERPRETA'I'IO
857 199 1029 276 OPERIS
1054 197 1441 298 QUADRIPARTITI
1461 197 1746 273 P'I'OLEMAEI
1769 197 1860 273 tan.
1874 195 1935 274 IV.
2040 202 2114 276 118

96 396 198 478 putas;
244 399 284 445 ac
313 376 512 447 tribuemus
541 376 689 468 singulis
711 375 821 467 signis
843 375 918 448 dies
939 375 1067 466 viginti
1120 397 1244 444 earum
1260 373 1488 443 effectionum
1507 396 1632 444 causae
1647 385 1749 458 sunt,
1782 371 1941 466 itemque
1956 369 2115 456 erhabi-

97 499 172 556 octo.
219 477 380 573 Itemque
399 479 475 549 dies
496 492 578 570 post
598 479 754 548 natalem
780 479 875 548 diem
899 502 1066 548 numera·
1118 475 1242 546 tudine
1260 476 1305 544 ad
1321 499 1439 545 annua
1457 487 1492 544 et
1515 488 1699 545 menstrua
1724 475 1824 566 signa
1846 477 1992 546 illorum
2015 477 2114 546 loco·

94 581 325 659 bimusalocis
341 581 540 662 mensium,
566 581 763 652 tribuentes
785 581 930 650 cuilibet
951 581 1065 672 signo,
1118 603 1219 662 rum,
1244 601 1308 669 per
1333 601 1424 672 quae
1447 579 1612 669 planetae
1635 579 1805 648 transitus
1826 579 1982 662 faciunt,
2015 592 2114 649 etex

95 690 198 760 ordine
213 684 289 754 dies
305 685 395 754 duos
413 695 450 752 et
465 682 666 754 dimidium.
1118 681 1247 774 quibus
1263 680 1326 750 Sol
1348 679 1525 772 Lunaque
1548 680 1671 748 eadem
1693 681 1890 752 intuentur.
1950 681 1988 749 Si
2016 681 2113 764 enim

174 787 542 860 Animadvertendum
572 786 710 868 etiam,
742 807 833 878 quae
855 783 975 854 stellae
1000 807 1066 874 po·
1116 782 1264 852 fuerita
1290 779 1468 873 principio
1493 781 1532 848 in
1555 781 1717 870 genitura
1740 779 1871 852 horum
1904 807 1984 852 cum
2013 785 2113 868 locis,

97 893 240 964 tissimum
266 887 455 979 generales
476 887 573 957 locos
595 899 790 958 transeant.
855 885 940 958 Non
969 887 1064 953 enim
1118 908 1208 977 quos
1226 885 1402 966 afficiunt,
1438 883 1690 974 congruentia,
1722 897 1758 952 et
1781 887 1966 956 accesserit
1988 900 2111 976 postea

102 1020 197 1088 parum
211 993 256 1060 ad
273 985 578 1082 deprehendenda
594 1001 758 1080 tempora
773 1000 964 1058 eventuum
987 1011 1065 1055 mo·
1117 985 1155 1054 in
1191 985 1346 1056 transitu
1377 985 1593 1054 conveniens
1626 986 1672 1054 ad
1705 989 1828 1056 eadem
1863 989 2111 1080 configuratio,

108 1095 373 1164 meutiadlerunt.
425 1087 467 1158 In
482 1092 705 1182 generalibus
723 1101 842 1159 autem
859 1089 946 1158 locis
962 1113 1065 1179 prae·
1117 1103 1244 1179 prore
1270 1100 1355 1156 nata
1379 1087 1535 1168 bonum;
1562 1087 1593 1156 si
1605 1089 1786 1157 contraria
1802 1089 1891 1172 illis,
1918 1089 2109 1160 imbecillia

106 1199 177 1289 cipua
190 1197 235 1266 vis
252 1207 311 1265 est
325 1191 495 1276 Saturni,
520 1191 615 1264 lovis
636 1193 675 1262 ln
700 1193 847 1272 annuis;
879 1191 1007 1262 Martis
1030 1203 1065 1260 et
1117 1189 1252 1258 omnia.
1303 1189 1395 1260 atsi
1409 1187 1657 1258 convenientia
1672 1191 1770 1260 nulla
1789 1191 1853 1275 sit,
1876 1191 1977 1285 sique
1995 1193 2112 1264 diver·

99 1301 183 1384 Solis,
203 1295 358 1366 Veneris
374 1305 410 1362 et
426 1293 617 1378 Mercurii,
643 1295 681 1362 in
700 1293 907 1372 menstruis;
937 1289 1063 1362 Lunae
1115 1291 1200 1361 sitas
1217 1291 1433 1360 conditionis
1448 1291 1555 1361 simul
1570 1291 1723 1375 incidat,
1751 1295 1864 1362 autin
1879 1294 2033 1365 transitu
2048 1321 2112 1388 op-

98 1429 162 1472 uro
189 1399 359 1470 transitus
393 1397 432 1464 in
465 1396 615 1468 diurnis.
672 1396 883 1468 Notandum
915 1405 951 1463 et
983 1391 1064 1479 lroc,
1114 1391 1241 1486 positis
1257 1392 1486 1486 quadratisve
1501 1394 1613 1463 radiis
1628 1394 1706 1462 loca
1722 1395 1782 1463 illa
1798 1395 1967 1466 infestent
1988 1397 2113 1489 plane-

100 1507 170 1600 quod
184 1500 365 1594 generales
381 1511 586 1592 temporum
604 1497 732 1566 arbitri
746 1497 937 1590 praecipue
958 1521 1063 1566 even·
1115 1509 1191 1578 tae,
1216 1495 1351 1564 malum
1371 1497 1550 1565 adserunt.
1602 1493 1713 1590 quue
1731 1498 1769 1566 in
1787 1499 1935 1597 reliquis
1955 1501 2112 1592 conligu-

102 1617 141 1676 tos
158 1607 354 1698 producunt
382 1593 418 1669 et
444 1601 665 1692 gubernants
704 1597 937 1692 particulares
975 1621 1061 1669 vero
1113 1597 1316 1668 rationibus
1331 1592 1408 1666 fieri
1423 1619 1500 1666 non
1515 1594 1617 1668 solet.
2108 1626 2115 1665 t

100 1709 139 1778 rel
151 1709 310 1777 adiuvant
321 1704 471 1798 illorum
486 1703 657 1788 actiones,
683 1703 745 1772 vel
756 1701 970 1792 impediunt,
994 1725 1062 1792 pro
1216 1699 1308 1770 Cum
1325 1699 1434 1770 iidem
1450 1699 1588 1772 domini
1603 1699 1786 1773 extiterint
1797 1713 1834 1770 et
1849 1713 2052 1792 temporum
2076 1715 2112 1773 et

98 1826 214 1880 natutae
228 1831 315 1880 snae
330 1805 580 1874 convenientia
597 1817 659 1874 aut
676 1803 893 1874 diversitate.
926 1796 1076 1873 'I'rans-¹
1115 1799 1303 1881 transitus;
1332 1801 1490 1892 ingentia
1509 1815 1544 1872 et
1556 1801 1738 1872 mediocre
1755 1797 1846 1871 nibil
1860 1805 2058 1876 decernunt
2073 1806 2112 1876 in

101 1911 153 1984 itus
176 1911 349 1984 stellarum
381 1907 438 1976 vel
462 1919 594 1998 augent
614 1907 897 1999 intenduntque,
928 1905 985 1972 vel
1006 1929 1063 1974 re·
1114 1917 1305 1998 utramque
1329 1917 1489 1996 partem,
1528 1905 1714 1999 multoque
1734 1906 1848 1996 magis
1872 1907 2013 1978 etiamsi
2034 1932 2111 1978 non

101 2015 198 2085 laxant
215 2027 250 2082 et
268 2013 439 2084 minuunt
462 2009 672 2082 accidentia.
722 2007 865 2081 Etenim
888 2007 1062 2098 generati·
1113 2007 1231 2078 solum
1247 2007 1349 2090 ideo,
1376 2009 1474 2100 quod
1489 2007 1854 2098 temporumarbitri,
1886 2011 1949 2080 sed
1971 2012 2111 2105 quoda

103 2129 151 2182 ter
173 2116 397 2204 prorogatoris
425 2113 525 2181 locus
557 2125 592 2180 et
611 2101 832 2203 generalium
855 2122 1061 2200 temporum
1113 2109 1293 2202 principio
1312 2109 1513 2178 dominium
1530 2109 1569 2177 in
1585 2109 1748 2200 genitura
1766 2110 1885 2182 sortiti
1900 2125 2002 2198 sunt,
2028 2135 2117 2184 cau*

112 2215 266 2298 dominos,
289 2225 464 2306 assumpto
481 2215 589 2282 etiam
609 2212 784 2306 participe
805 2211 930 2280 linium
946 2211 1062 2280 domi·
1113 2235 1307 2286 sasrerum
1324 2211 1502 2304 compleri
1516 2211 1661 2286 fuerint.
1711 2213 1867 2288 Prorsus
1888 2227 2010 2306 autem
2032 2215 2111 2286 feli-

105 2339 159 2400 no,
180 2317 397 2387 accidentium
417 2315 625 2408 qualitatem
645 2329 680 2384 et
700 2313 927 2384 durationem
954 2312 1062 2404 signi·
1114 2339 1170 2384 ces
1185 2314 1295 2397 liunt,
1321 2338 1476 2408 quorum
1493 2338 1585 2384 unus
1609 2314 1775 2410 idemque
1796 2317 1898 2406 Iocus
1922 2317 1961 2388 in
1986 2341 2112 2389 omnes

100 2419 192 2492 licant.
231 2419 403 2488 Retinent
420 2416 515 2485 enim
531 2417 691 2508 singulae
707 2416 829 2488 stellae
847 2415 1062 2489 convenien·
1115 2429 1178 2489 aut
1194 2415 1315 2508 plures
1331 2415 1606 2508 prorogationes
1622 2416 1804 2500 inciderit;
1838 2432 1901 2490 aut
1921 2420 1952 2490 si
1973 2417 2112 2492 haedi·

99 2519 164 2588 fiam
176 2547 246 2592 com
262 2519 335 2590 illis
350 2519 537 2610 geniturae
552 2518 659 2602 locis,
685 2541 839 2612 quorum
858 2517 1061 2590 dominium
1113 2541 1238 2588 versae
1267 2517 1421 2604 luerint,
1466 2543 1546 2588 cum
1580 2517 1705 2588 iisdem
1737 2521 1958 2614 temporibus
1985 2546 2111 2594 omnes

97 2619 175 2692 initio
187 2623 466 2720 acquisiverunt.
518 2619 651 2692 Utrum
665 2643 836 2712 prospera
854 2613 1063 2692 lutura'sint
1113 2623 1278 2715 pluresve
1300 2645 1474 2706 voccursus
1503 2623 1745 2695 beneficorum
1777 2637 1840 2697 aut
1865 2625 2110 2698 maleficorum
2173 2619 2176 2628 ⁴

95 2726 282 2809 accidentia,
315 2725 375 2794 vel
396 2725 567 2806 adversa,
601 2717 889 2816 deprehendetur
912 2747 955 2792 ex
977 2747 1061 2815 pro·
1113 2723 1374 2796 concurrerint.

92 2829 209 2918 prietate
228 2827 396 2899 naturali
410 2838 446 2895 et
462 2825 656 2920 acquisita,
692 2826 849 2895 benefica
871 2823 930 2895 vel
952 2827 1062 2896 male*
1215 2825 1380 2898 Ilaec-de
1402 2827 1690 2904 consideratione
1711 2831 1915 2926 temporum
1936 2827 2108 2906 hocloco

91 2929 137 3000 fica
155 2935 373 3004 arbitrorum
399 2929 591 3020 temporis3
626 2927 784 3022 itemque
800 2953 842 2998 ex
862 2930 1060 2999 eorundem
1113 2929 1242 3002 dixisse
1266 2931 1430 3004 sufficiat.
1462 2933 1623 3006 'Genera
1650 2947 1841 3007 eventuum
1856 2935 1895 3004 in
1910 2937 2110 3033 quibusque

89 3035 378 3130 aprincipiocum
402 3031 510 3114 locis,
547 3055 639 3127 quae
663 3031 898 3116 obsederunt,
932 3056 1061 3103 conve·
1113 3033 1337 3126 temporibus
1353 3059 1428 3104 non
1443 3048 1619 3124 attexam,
1646 3063 1689 3107 eo
1708 3042 1824 3131 quod,
1850 3051 1890 3108 ut
1904 3039 2009 3110 initio
2024 3066 2110 3134 pro·

90 3133 195 3210 nuda
210 3151 279 3210 aut
297 3133 554 3226 discrepantia.
1093 3137 1317 3231 posuimus,
1351 3135 1546 3207 universali
1566 3139 1749 3209 stellarum
1772 3139 1926 3210 efficacia
1953 3145 2109 3234 cognita,

166 3243 246 3336 Quo
277 3251 445 3329 tempore
474 3259 511 3306 se
544 3239 770 3306 decretorum
790 3234 845 3307 vis
867 3237 1061 3330 praecipue
1111 3239 1344 3332 particularia
1367 3253 1627 3332 consequenter
1652 3237 1918 3314 accommodari
1946 3259 2109 3337 possunt,

87 3349 244 3414 Mensura
258 3342 322 3426 sit,
337 3349 573 3430 cognoscetur
588 3363 631 3409 ex
647 3335 929 3430 configuratione
943 3341 1062 3432 signo-
1112 3343 1143 3414 si
1174 3355 1257 3435 apte
1297 3366 1379 3414 cum
1414 3338 1660 3416 mathematici
1696 3369 1803 3418 cause
1848 3348 1971 3418 iuncta
1999 3349 2109 3420 luerit

83 3461 150 3512 mm
161 3467 368 3518 annuorum
385 3452 421 3512 et
434 3453 701 3513 menstruorum
717 3445 762 3511 ad
777 3441 838 3516 illa
853 3443 945 3529 loca,
968 3467 1061 3538 quae
1113 3445 1221 3516 etiam
1236 3468 1343 3516 causa
1360 3446 1554 3520 mixtionis.
