4748 6108
286 219 402 319 ιιι
721 264 727 276 ·
879 235 1006 314 auu.
1034 236 1151 313 uun.
1187 236 1394 358 scauri
1422 238 1764 318 ramoroorca.
2016 331 2018 338 ,
2275 251 2345 331 ssa

337 414 423 502 ino,
437 413 678 512 Agaveuque,
702 437 797 510 quae
817 410 1046 486 meEchioni
1061 415 1217 511 peperit,
1398 419 1458 493 Τιι
1490 417 1637 519 quidem
1670 413 1783 491 habes
1816 414 1978 511 linguam
2012 421 2207 496 volubilem
2232 439 2275 498 ut
2293 427 2347 498 vir

285 519 434 600 25οΕι
444 521 638 593 Actaeonis
653 532 809 590 matrem
824 517 1023 614 Autonoen
1046 521 1149 604 dico;
1768 521 1930 644 sapiens:

335 625 412 698 Et
400 649 497 720 ipsas
510 625 638 698 ferreis
656 623 935 717 constringens
924 649 965 696 ιιι
982 605 1150 714 uinculis,
1398 623 1566 698 Tamen
1555 651 1595 701 ιιι
1611 641 1674 700 tua
1688 627 1859 699 oratione
1876 623 1969 698 nihil
1987 629 2066 701 sani
2082 631 2197 706 inest.

338 729 488 803 Cessare
501 731 632 801 iseram
651 729 696 800 ab
714 727 775 797 rlla
790 727 959 832 improba
975 727 1224 805 bacchatione
1328 730 1423 808 270
1464 730 1616 820 „Homo
1649 733 1775 819 ferox,
1815 726 1964 827 potens,
2006 734 2098 838 et¹¹)
2133 737 2206 862 qui
2203 735 2349 812 dicere

336 834 474 906 Dicunt
488 859 598 921 vero
623 827 727 930 quod'
732 816 888 928 q'hidam
906 835 1048 907 venerit
1064 832 1194 932 hospes
1760 849 1894 932 potest,

338 935 541 1032 impostor,
560 937 815 1032 praestigiator
823 937 872 1038 ⁵⁰)
889 963 932 1011 ex
948 938 1078 1037 Lydia,
1399 937 1469 1027 „Si
1482 953 1629 1013 nonest
1649 942 1811 1036 sapiens,
1837 939 2062 1034 perniciosus
2079 956 2132 1017 est
2147 945 2249 1021 civis.

289 1039 367 1122 266
388 1041 504 1114 flava
522 1055 557 1114 et
572 1044 663 1113 bene
682 1043 836 1113 odorata
854 1067 973 1131 coma,
1398 993 1466 1114 Hic
1482 1069 1569 1116 vero
1583 1067 1701 1118 novus
1715 1043 1834 1130 Deus,
1859 1069 1966 1140 quem
1983 1057 2024 1118 tu
2039 1049 2193 1137 derides,

341 1147 488 1220 Habens
503 1147 626 1240 nigras
640 1145 794 1218 Veneris
809 1151 943 1240 gratias
961 1149 1000 1220 in
1017 1149 1142 1236 oculis,
1398 1146 1483 1221 Non
1497 1173 1629 1244 queam
1647 1151 1768 1222 dicere
1785 1149 2096 1241 magnitudinem,
2119 1165 2279 1250 quantus

307 1251 313 1271 '
343 1252 416 1347 Qui
431 1251 507 1324 dies
522 1264 719 1347 noctesque
736 1265 974 1326 conversatur
990 1253 1072 1340 illis,
1397 1251 1470 1324 Per
1487 1253 1679 1326 Graeciam
1702 1255 1750 1327 sit
1770 1253 1925 1326 iuturus.
1977 1253 2062 1327 Duo
2080 1258 2199 1344 enim,
2223 1283 2246 1327 o
2262 1261 2349 1330 ado-

343 1355 524 1429 Sacrificio
543 1355 699 1428 offerens
714 1349 889 1427 Bacchica
907 1357 1048 1451 puellis.
1769 1357 1919 1442 lescens,

342 1459 452 1556 Quod
470 1459 501 1532 si
519 1483 600 1531 cum
616 1457 713 1530 iutra
729 1455 824 1530 hanc
839 1461 988 1532 domum
1009 1485 1152 1554 cepero,
1345 1455 1424 1535 276
1446 1457 1648 1554 Praecipua
1665 1473 1750 1533 sunt
1766 1461 1862 1531 iuter
1876 1455 2064 1548 homines,
2086 1461 2196 1536 Ceres
2213 1463 2305 1552 Dea,

291 1561 369 1644 240
391 1563 540 1638 Cessare
563 1564 693 1634 faciam
711 1587 730 1634 a
749 1565 953 1660 quassando
969 1561 1133 1662 thyrsos,
1158 1575 1194 1635 et
1209 1582 1294 1632 con·
1399 1562 1534 1661 (Terra
1552 1577 1673 1636 autem
1691 1565 1761 1664 est)
1780 1575 1815 1634 ct
1830 1577 1959 1657 potus,
1981 1579 2111 1638 vocato
2125 1593 2238 1656 vero,
2262 1595 2346 1668 qno·

715 1669 884 1740 cutiendo
1767 1670 1879 1738 modo
1895 1669 1963 1742 vis.

345 1772 499 1859 Cumas,
526 1772 701 1844 cervicem
720 1796 740 1842 a
756 1795 909 1866 corpore
926 1797 1061 1844 secans.
1397 1765 1479 1862 Ipsa
1495 1769 1592 1840 euim
1609 1781 1704 1841 terra
1722 1771 1823 1842 siccis
1839 1771 1904 1842 alit
1919 1767 2104 1856 hominem

344 1873 483 1948 Dicunt
497 1871 595 1948 bunc
612 1901 685 1950 esse
703 1873 921 1972 Dionysium
939 1875 1072 1962 Deum,
1398 1871 1468 1943 Sed
1485 1885 1646 1966 praestat
1661 1875 1885 1946 contrarium
1901 1875 2057 1949 Semeles
2073 1877 2181 1966 lilius,

346 1981 420 2074 Qui
438 1981 524 2052 olim
543 1981 582 2051 in
596 1981 734 2051 femore
750 1977 846 2052 lovis
864 1981 1005 2053 insutus
1017 1979 1145 2052 luerit:
1400 1977 1474 2071 Qui
1490 2001 1583 2047 uvae
1605 1977 1793 2050 humidam
1813 1980 2000 2073 potionem
2022 1981 2163 2052 invenit
2181 1993 2218 2052 et
2232 1981 2344 2054 attulit

345 2085 439 2156 Sanc
456 2084 486 2156 is
498 2085 607 2178 periit
622 2083 790 2155 incendio
805 2085 982 2155 fulmineo
1338 2081 1427 2155 1280
1449 2080 1686 2154 Hominibus:
1710 2135 1733 2168 ,‚
1743 2107 1836 2178 quae
1851 2086 1954 2155 sedat
1966 2081 2178 2170 homiuibus

294 2185 371 2264 245
392 2188 475 2264 Una
497 2181 732 2274 commatre,
757 2189 841 2284 quia
865 2189 1008 2260 divinas
1029 2185 1176 2279 nuptias
1199 2209 1296 2276 com7
1401 2183 1654 2272 „Moestitias‚
1680 2188 1826 2282 quando
1843 2187 2042 2282 implentur
2059 2189 2160 2261 fluxu
2172 2191 2276 2272 vitis;

715 2301 838 2362 menta
858 2305 922 2365 est.
1401 2287 1479 2376 „Et
1500 2313 1567 2382 per
1590 2315 1759 2362 somnum
1785 2291 2007 2364 oblivionem
2031 2293 2236 2379 malorum,
2259 2317 2349 2390 quae

343 2394 440 2468 Num
470 2391 560 2468 haec
592 2419 669 2470 non
703 2397 813 2488 digna
847 2409 932 2468 sunt
964 2417 1070 2467 saeva
1094 2393 1295 2486 strangula-
1765 2396 1928 2488 quotidie
1945 2397 2125 2483 accidunt,

710 2499 824 2584 tione,
1400 2494 1525 2584 „Dat‚
1551 2519 1619 2567 nec
1637 2509 1690 2569 est
1707 2495 1805 2570 aliud
1821 2497 2060 2592 pharmacum
2080 2525 2254 2574 curarum
2279 2501 2352 2572 effi-

343 2602 534 2697 Hospitem
553 2603 694 2674 afficcre
709 2628 777 2678 nos
793 2615 893 2672 tanta
910 2597 1155 2671 contumelia?
1763 2605 1951 2702 cacius').

344 2707 414 2779 Sed
431 2732 511 2778 ecce
529 2707 629 2779 aliud
645 2706 872 2779 mirandum:
897 2705 1017 2798 ipsum
1035 2715 1157 2773 vatem
1400 2699 1434 2775 Is
1451 2729 1549 2775 nunc
1564 2703 1655 2775 libat
1669 2704 1769 2792 Diis,
1799 2733 1878 2779 cnm
1896 2711 1943 2781 sit
1959 2707 2070 2796 Deus,

344 2809 525 2884 Tiresiam
543 2811 582 2880 in
597 2812 707 2883 variis
725 2811 881 2904 pellibus
897 2804 1136 2878 hinnulorum
1154 2803 1274 2894 video,
1349 2803 1427 2886 206
1450 2809 1502 2880 Ut
1517 2805 1683 2883 homines
1699 2806 1859 2883 habeant
1873 2808 1970 2884 bona
1988 2827 2140 2909 propter
2155 2813 2291 2908 ipsum.

290 2909 368 2993 260
391 2913 439 2986 Ει
450 2927 592 3009 patrem
609 2939 711 2986 meae
725 2914 854 2985 matris
870 2913 974 2983 valde
991 2911 1143 2984 ridicule
1399 2912 1552 2988 Derides
1567 2939 1670 3002 eum,
1694 2919 1794 3012 quod
1808 2917 1948 2992 insutus
1963 2919 2009 2991 sit
2021 2917 2118 2992 loris

342 3019 473 3092 Ferula
490 3015 741 3092 bacchantem.
792 3015 985 3112 Improbo,
1007 3029 1125 3110 pater,
1399 3017 1567 3102 Femori;
1610 3022 1748 3092 docebo
1783 3034 1837 3106 te,
1877 3049 1987 3120 quam
2026 3019 2097 3095 boc
2127 3044 2167 3094 se
2198 3015 2351 3114 pulchre

341 3126 569 3198 Senectutem
586 3137 743 3196 vestram
760 3121 906 3196 intuens
923 3121 1151 3194 delirantem.
1759 3121 1902 3199 habeat.

341 3229 427 3304 Non
444 3227 591 3300 abiicies
607 3223 808 3298 hederam?
833 3253 910 3298 non
928 3227 1081 3297 liberam
1400 3227 1599 3325 Postquam
1619 3229 1736 3322 ipsum
1753 3233 1875 3324 rapuit
1891 3255 1933 3301 ex
1948 3231 2029 3324 igne
2042 3227 2221 3302 fulmineo

340 3333 495 3404 Manum
512 3333 672 3404 dimittes
689 3355 708 3402 a
734 3327 881 3428 thyrso,
903 3346 1008 3426 pater
1024 3355 1128 3402 meae
1142 3327 1296 3400 matris?
1399 3329 1557 3428 Iupiter,
1582 3347 1618 3404 et
1632 3334 1670 3402 in
1686 3333 1887 3430 Olympum
1905 3336 2007 3406 duxit
2029 3337 2209 3406 infantem
2227 3357 2351 3405 recen·

288 3434 367 3518 266
391 3437 451 3508 Tu
466 3433 536 3509 hoc
551 3439 584 3508 ei
597 3435 825 3532 persuasisti,
849 3433 1018 3507 Tiresia?
1041 3433 1139 3506 hunc
1155 3447 1196 3506 tu
1216 3433 1271 3504 via
1761 3451 1848 3523 tem,

339 3542 487 3616 Novum
505 3541 625 3614 Deum
641 3543 776 3611 inferre
790 3536 1015 3626 hominibus,
1347 3539 1425 3616 290
1450 3537 1540 3611 luno
1557 3541 1674 3612 voluit
1688 3566 1769 3612 eum
1787 3542 1917 3612 eiicere
1936 3544 1980 3612 de
1999 3541 2114 3614 coelo.

236 3631 267 3668 ὀ
342 3647 502 3741 Captans
533 3647 736 3718 mercedem
773 3669 956 3717 novorum
990 3641 1228 3738 auguriorum
1261 3653 1297 3711 et
1398 3641 1536 3737 Iupiter
1552 3657 1670 3715 autem
1694 3645 1833 3716 invenit
1854 3646 2077 3716 contrarium
2101 3643 2346 3717 consiliumut

411 3827 416 3832 ,
708 3747 1009 3820 divinationum?
1759 3749 1870 3834 Deus,

341 3853 539 3950 Quodnisi
560 3867 595 3925 te
612 3877 700 3924 cana
720 3867 883 3926 senectus
900 3853 1085 3935 liberaret,
1399 3850 1588 3944 Rumpens
1604 3867 1742 3946 partem
1761 3853 2016 3924 circumdantis
2029 3865 2165 3924 terram

340 3958 493 4029 Vinctus
509 3960 650 4030 sederes
667 3957 807 4030 medius
823 3959 917 4029 inter
931 3951 1106 4040 Bacchas,
1398 3951 1587 4041 Aetheris,
1607 3959 1658 4027 ibi
1674 3958 1882 4041 collocavit,
1907 3959 1997 4028 dans
2011 3956 2218 4050 depositam
2234 3950 2318 4028 hunc

289 4061 367 4139 200
404 4059 640 4135 introducens
660 4087 762 4136 sacra
795 4061 1020 4156 perniciosa;
1051 4055 1295 4147 „mulieribus
1397 4057 1602 4154 Dionysum
1619 4075 1768 4156 propter
1783 4061 1878 4132 rixas
1892 4059 2057 4142 lunonis;
2086 4074 2213 4155 postea

708 4165 803 4238 enim
1347 4159 1425 4241 296
1456 4163 1630 4238 Homines
1663 4167 1788 4238 dicunt
1813 4189 1895 4235 eum
1920 4166 2118 4237 enutritum
2143 4166 2183 4235 iu
2209 4167 2345 4236 semote

342 4271 532 4367 „Quando
545 4271 637 4342 fiunt
651 4271 800 4366 nuptiae
816 4272 855 4341 in
872 4269 1041 4342 convivio
1059 4263 1262 4347 vinolento,
1761 4267 1868 4354 lovis,

340 4373 413 4464 ,,Ιιι
430 4375 608 4448 eiusmodi
623 4377 733 4448 sacris
748 4372 842 4447 nihil
858 4375 938 4448 sani
953 4399 1028 4445 esse
1046 4371 1141 4442 dico.
1398 4369 1541 4445 Nomen
1558 4384 1860 4455 transmutantes,
1888 4373 1986 4466 quod
2003 4369 2102 4441 Deae
2114 4369 2217 4444 Deus

230 4497 236 4506 '
342 4481 442 4554 otor.
475 4475 679 4574 Ohospes,
715 4506 792 4551 non
815 4479 951 4552 vereris
974 4477 1157 4570 Deospcr
1178 4468 1293 4564 pieta·
1395 4473 1528 4548 lunoni
1551 4476 1637 4546 olim
1656 4479 1795 4550 dederit
1811 4476 1994 4562 obsidem,
2015 4475 2103 4546 inde
2124 4497 2352 4570 componen-

717 4598 806 4670 tem,
1763 4591 1978 4651 tesnomen.

340 4681 389 4756 Et
406 4684 585 4757 Cadmum
603 4687 842 4758 seminantem
859 4685 1078 4780 terrigenam
1094 4673 1276 4772 segetem?
1396 4680 1530 4771 „Vates
1544 4707 1632 4754 vero
1649 4689 1735 4758 deus
1750 4679 1810 4753 hic
1828 4697 1900 4765 est;
1916 4683 2049 4754 etenim
2068 4679 2353 4778 ipsabacchatio

289 4783 368 4867 206
404 4789 569 4916 Cumque
594 4803 634 4862 tu
656 4791 704 4865 sis
727 4789 901 4864 Echionis
923 4789 1038 4874 filius,
1073 4785 1292 4857 contumelia
1398 4787 1477 4875 „Et
1515 4788 1592 4882 ipsa
1626 4790 1766 4862 insania
1801 4811 1971 4880 magnam
2005 4789 2230 4860 vaticinandi
2269 4786 2354 4855 vim

705 4907 788 4970 tuos
806 4895 964 4966 maiores
981 4843 1116 4964 asticis?
1755 4886 1877 4962 habet

345 5002 457 5085 tte,
458 4995 569 5084 ,Cum
585 4997 730 5120 sapiens
747 5000 877 5096 ahqurs
892 5011 1018 5072 nactus
1044 5007 1095 5069 est
1114 4993 1293 5066 sermonis
1345 4997 1421 5071 500
1459 4995 1650 5092 „Quando
1674 4997 1771 5066 enim
1794 4991 1854 5066 hic
1876 4995 1998 5067 deus
1985 5021 2026 5067 ιιι
2050 5021 2183 5092 corpus
2204 4993 2355 5066 venerit

344 5052 498 5189 „Bodas
522 5104 750 5191 occasiones,
777 5130 853 5176 nou
877 5115 930 5176 est
949 5105 983 5174 ei
1008 5105 1162 5176 arduum
1188 5123 1292 5194 prae·
1762 5099 1990 5184 immodicus,

708 5210 802 5281 clare
818 5210 948 5282 dicere.
1344 5243 1552 5259 ----

296 5347 497 5366 ,1-

1378 5373 1427 5443 21)
1446 5375 1563 5439 potens,
1582 5367 1623 5436 et]
1647 5367 1688 5420 sto
1708 5367 1755 5436 (=
1774 5373 1841 5426 text.
1860 5369 1918 5439 gr.)
1946 5372 1997 5425 ut.
2022 5371 2119 5440 16623
2147 5365 2292 5424 221662
2311 5367 2347 5417 οι

327 5479 376 5547 00)
401 5482 617 5550 praestigiator]
645 5477 759 5549 rto(=
783 5485 849 5536 text.
875 5479 934 5552 gr.)
958 5481 1045 5538 Edltt.
1071 5481 1165 5548 1562,
1191 5483 1292 5546 Barn-
1413 5449 1525 5508 potens,

360 5553 510 5608 521558.
530 5559 558 5606 et
576 5551 785 5620 praestigiator
1380 5547 1429 5616 22)
1452 5549 1484 5600 u.
1503 5547 1521 5598 1.
1540 5545 1569 5597 ln
1587 5545 1671 5600 ruat
1689 5547 1776 5613 1652,
1797 5548 1872 5600 1562
1891 5551 1958 5600 nota
1973 5560 2079 5613 marm
2097 5547 2167 5601 vani
2185 5561 2260 5600 mr,
