4748 6108
298 200 374 270 907
877 187 1000 260 PHlL.
1032 187 1146 262 MEL.
1181 187 1382 261 SCRIPTA
1418 188 1756 264 PHILOLOGICA.
2243 209 2302 282 90ss

319 371 344 444 5
367 369 436 440 Sed
451 368 519 438 sibi
536 379 587 438 est
602 362 779 456 optimus,
793 359 889 443 scio,
910 383 985 430 non
1003 361 1141 432 discens
1159 363 1289 434 verbis.
1393 363 1538 445 Servat;
1565 387 1734 435 veremur
1749 362 1846 432 enim
1865 365 2002 456 puellas

344 473 422 566 Ego
439 495 526 564 prae
542 471 702 562 pudore,
728 475 763 532 et
780 461 900 534 colens
916 465 1180 557 cognationem,
1392 467 1580 539 Adducere
1595 470 1641 538 ad
1658 469 1823 550 turbam,
1849 479 1884 536 et
1900 470 2075 542 collocare
2098 479 2257 569 supplices
2273 486 2303 556 in

229 585 233 592 ’
347 579 436 648 Cum
453 597 594 668 possem
608 569 715 661 Argis
731 565 925 660 tranquille
943 563 1121 652 habitare,
1757 593 1833 642 ara,

345 679 532 770 Particeps
547 676 599 746 lui
616 669 857 743 maximorum
876 669 1042 741 laborum
1062 669 1238 754 Herculis,
1343 667 1394 744 45
1420 670 1546 766 Hyllus
1562 697 1648 742 vero
1664 685 1699 742 et
1720 674 1868 756 fratres,
1890 677 2020 769 quibus
2043 703 2142 752 sexus
2158 697 2205 754 est
2219 711 2306 778 prae-

345 783 503 878 Quando
519 792 595 848 erat
610 776 817 852 nobiscum;
835 786 1129 868 nuncpostquam
1140 776 1185 843 ad
1194 771 1291 844 Deos
1478 769 1480 776 ¹
1752 776 1919 862 stantior,

715 875 870 958 transiit,
1393 879 1602 972 Quaerunt,
1649 878 1712 949 ubi
1749 878 1928 971 possimus
1971 877 2135 954 habitare
2175 887 2309 982 aliquam

301 993 348 1062 10
370 989 514 1058 liabens
530 983 595 1054 sub
611 979 675 1050 alis
691 977 785 1048 illius
801 977 946 1062 liberos,
1019 1051 1022 1055 ,
1597 993 1603 1002 ’
1756 1005 1889 1064 arcem,

349 1094 462 1164 Servo
480 1087 644 1165 eosdem,
669 1081 840 1172 cumipse
857 1077 1037 1172 indigeam
1051 1081 1175 1176 salute.
1394 1083 1432 1154 Si
1446 1083 1625 1174 pellamur
1640 1107 1682 1152 ex
1698 1078 1766 1153 hae
1784 1097 1880 1154 terra
1897 1085 1946 1156 vi.

349 1197 545 1286 Postquam
563 1199 666 1279 pater
683 1185 845 1276 ipsorum
862 1183 1021 1254 discessit
1036 1209 1078 1254 ex
1095 1197 1204 1267 terra,
1395 1185 1528 1271 Ofilii,
1549 1185 1632 1270 lilii,
1656 1182 1914 1280 apprehendite
1930 1214 2048 1260 meam
2064 1192 2229 1276 tunicam.

350 1299 512 1368 Primum
536 1290 680 1386 quidem
706 1311 775 1356 nos
795 1287 911 1358 voluit
934 1281 1158 1381 Eurystheus
1179 1287 1290 1356 inter-
1391 1287 1506 1358 Video
1522 1313 1739 1380 praeconem
1756 1283 1853 1360 bune‘
1869 1289 2063 1388 Eurysthei

712 1391 835 1468 ficere;
1343 1387 1393 1463 50
1424 1391 1635 1462 Venientem
1659 1396 1706 1463 ad
1729 1417 1863 1477 vos,·a
1890 1421 1963 1488 quo
1986 1397 2148 1489 patimur
2171 1423 2307 1492 persecu·

345 1499 416 1574 'sed
435 1497 562 1588 effugi,
584 1508 619 1564 et
635 1492 742 1586 periit
756 1487 846 1560 mihi
865 1491 1001 1574 civitas,
1753 1495 1902 1581 tionem,

300 1605 349 1683 15
370 1606 437 1676 Sed
457 1603 528 1669 vita
548 1609 687 1668 servata
704 1607 775 1665 est:
797 1594 953 1686 fugimus
969 1604 1141 1678 errantes,
1393 1595 1532 1666 Privati
1550 1621 1696 1668 errones
1715 1610 1790 1666 tota
1809 1611 1916 1670 terra.
2003 1651 2006 1656 -

347 1703 509 1798 Relegati
527 1703 571 1772 ab
587 1699 656 1772 alia
673 1699 763 1768 urbe
780 1695 817 1766 in
834 1696 954 1769 aliam.
1394 1699 1428 1770 Ο
1450 1699 1591 1784 odiose,
1620 1701 1759 1770 utinam
1782 1725 1929 1793 pereas,
1959 1718 1994 1774 et
2016 1705 2073 1776 vir
2099 1707 2177 1793 ille,
2208 1709 2261 1804 qui
2284 1724 2305 1777 te

349 1813 403 1882 Ad
424 1820 562 1879 caetera
578 1803 674 1873 mala
690 1795 913 1894 Eurystheus
932 1799 1038 1868 etiam
1056 1793 1150 1866 hanc
1759 1804 1881 1876 mittit,

318 1912 524 1992 ‚Iniuriam
541 1901 766 1983 tecitnobis3
1396 1904 1513 1997 Quam
1548 1905 1661 1975 multa
1694 1906 1790 1975 mala
1824 1906 1998 1978 nuntiasti
2030 1933 2208 2002 generoso
2240 1912 2307 2007 patri

353 2015 482 2096 Missis,
496 2011 701 2102 ubicunque
721 2019 899 2074 terrarum
918 2001 1072 2072 audierit
1087 2003 1292 2087 collocatos,
1756 2005 1887 2080 horum
1904 2033 1947 2080 ex
1964 2007 2033 2082 hoc
2050 2015 2137 2085 ore!

300 2123 351 2196 20
372 2115 615 2190 Praeconibus
630 2107 790 2202 deposcit
806 2130 890 2189 nos,
915 2118 951 2174 et
964 2117 1061 2174 arcet
1077 2129 1119 2174 ex
1132 2117 1240 2190 terra,
1343 2105 1394 2180 55
1416 2113 1570 2198 coprem
1590 2108 1685 2180 Num
1704 2111 1837 2182 videris
1854 2113 2023 2187 insedisse
2040 2111 2141 2188 hanc
2156 2117 2311 2210 pulchram

307 2222 312 2230 ’
351 2223 520 2310 Allegans
547 2214 653 2306 Argis
682 2235 749 2282 nos
775 2233 849 2280 esse
878 2204 1015 2292 hostes,
1046 2203 1142 2280 haud
1172 2221 1292 2280 conte·
1393 2250 1396 2258 ·
1755 2215 1889 2300 sedem,

713 2313 910 2384 mnendum
930 2312 1099 2396 amicum,
1394 2312 1441 2382 Et
1457 2315 1502 2384 ad
1516 2315 1641 2384 urbem
1657 2315 1791 2386 sociam
1808 2319 2038 2410 pervenisse?
2069 2324 2178 2394 stulte
2196 2325 2298 2398 sentis.

352 2427 399 2498 Et
415 2423 481 2496 sibi
498 2418 642 2492 florenti
658 2417 786 2509 opibus
803 2427 838 2485 et
851 2413 1011 2506 potentia
1020 2411 1063 2512 ³).
1395 2415 1511 2487 Nemo
1529 2429 1600 2502 est,
1626 2418 1689 2512 qui
1703 2421 1877 2491 anteferet

351 2529 407 2600 llli
423 2526 581 2598 videntes
599 2545 720 2614 meum
737 2531 870 2591 statum
887 2517 1100 2590 imbecillem
1120 2539 1206 2600 esse,
1396 2519 1514 2590 Tuam
1530 2520 1742 2592 imbecillem
1758 2526 1957 2616 potentiam
1975 2525 2199 2625 Eurystheo.

350 2633 637 2721 Puerosparvos
652 2636 688 2694 et
705 2623 851 2694 orbatos
869 2634 983 2713 patre,
1396 2623 1515 2706 Vade,
1539 2624 1623 2716 quid
1645 2620 1732 2696 haec
1748 2625 1917 2698 laboras?
1970 2630 2134 2724 Oportet
2150 2648 2183 2706 te
2197 2654 2318 2722 surgere

302 2733 352 2814 25
379 2735 545 2806 Colentes
557 2725 799 2822 potentiores,
822 2725 1003 2816 expellunt
1018 2745 1084 2792 nos
1098 2745 1117 2790 e
1133 2735 1241 2794 terra.
1346 2723 1396 2796 60
1432 2723 1488 2796 Ad
1509 2724 1645 2818 Argos,
1674 2731 1737 2800 ubi
1760 2743 1794 2800 te
1822 2745 1984 2824 expectat
2005 2737 2184 2808 iudicium
2205 2735 2318 2828 lapida-

352 2837 430 2929 Ego
447 2859 532 2906 vero
548 2831 647 2924 logio
665 2855 744 2900 cum
762 2827 977 2918 fugientibus
994 2823 1127 2918 pueris,
1760 2834 1880 2904 tionis.
2356 2827 2357 2848 ¹

354 2942 512 3034 Sumque
531 2936 681 3008 afflictus
697 2956 779 3002 curn
794 2929 946 3016 afflictis,
1397 2933 1459 3001 tot.
1481 2929 1740 3027 Nequaquam,
1763 2937 2045 3031 quoniammihi
2060 2941 2319 3038 suppetit⁴)ara

353 3045 519 3116 Metuens
533 3041 687 3134 prodere
709 3059 791 3118 eos,
819 3033 960 3128 nequis
982 3033 1032 3102 ita
1051 3029 1146 3102 dicat
1159 3042 1294 3100 morta-
1755 3037 1835 3125 Dei,

711 3139 818 3210 lium:
1396 3134 1442 3204 Et
1455 3136 1566 3206 libera
1586 3152 1702 3224 terra,
1725 3141 1763 3210 in
1781 3167 1890 3238 quam
1907 3143 2059 3236 ingressi
2075 3173 2213 3222 snmus,

353 3251 501 3333 Videte,
525 3259 715 3342 postquam
734 3266 808 3312 non
826 3253 878 3312 est
895 3253 997 3332 pater
1013 3239 1146 3330 pueris,
1399 3243 1475 3329 Gap.
1499 3239 1565 3310 Vis
1578 3237 1668 3312 mihi
1683 3247 1813 3315 addere
1832 3242 1915 3316 huic
1930 3251 2058 3319 manui
2077 3249 2262 3324 laborem?

304 3357 353 3428 30
379 3351 495 3424 Iolaus
511 3373 587 3422 non
601 3351 671 3418 sert
687 3371 812 3438 opem,
836 3370 915 3414 cum
934 3345 979 3414 sit
993 3354 1176 3432 cognatus.
1397 3345 1458 3413 iol.
1492 3343 1687 3439 Nunquam
1710 3372 1768 3418 me
1792 3350 1828 3417 vi
1855 3350 2092 3440 abstraxeris,
2133 3381 2248 3450 neque
2272 3349 2321 3421 hos

354 3456 484 3531 Orbati
500 3467 574 3524 tota
593 3450 757 3530 Graecia,
1758 3451 1888 3544 rapies.

356 3559 548 3628 Venientes
580 3547 854 3628 Marathonem,
896 3558 931 3614 et
966 3559 1099 3614 terram
1136 3542 1293 3612 eiusdem
1348 3543 1398 3617 65
1423 3551 1499 3638 Gop.
1522 3548 1737 3640 Cognosces3
1761 3577 1836 3622 non
1851 3579 1888 3625 es
1902 3557 2018 3628 bonus
2032 3573 2160 3647 vates,
2188 3555 2318 3656 quodad

725 3649 885 3730 diffinis,
1756 3652 1846 3726 haec
1861 3658 1999 3730 attinet.

357 3765 432 3838 Nos
450 3758 627 3854 supplices
643 3753 722 3822 Diis
738 3753 895 3824 sedimus
912 3749 950 3818 in
966 3773 1040 3832 ara,
1258 3831 1262 3839 Δ
1399 3759 1461 3824 Iol.
1485 3754 1568 3826 Non
1583 3751 1725 3826 bethoc
1740 3783 1798 3828 me
1812 3759 1954 3832 vivente
1970 3787 2152 3857 unquam.

357 3868 408 3938 Ut
421 3867 545 3935 iuvent
559 3884 644 3942 uos,
669 3855 751 3950 quia
769 3877 914 3944 campos
929 3847 1035 3922 huius
1053 3864 1170 3920 terrae
1402 3863 1478 3948 cop.
1501 3857 1669 3938 Discede;
1692 3861 1818 3931 ducam
1838 3863 1954 3950 enim,
1977 3867 2008 3937 si
2026 3878 2068 3936 tu
2085 3869 2196 3952 nolis,
2356 3857 2357 3952 l

307 3969 357 4044 35
381 3968 553 4037 Habitare
569 3962 737 4031 dicuntur
753 3960 825 4027 duo
841 3955 905 4025 tilii
926 3951 1057 4026 Thesei
1399 3961 1615 4032 Existimans
1630 3986 1690 4032 eos
1703 3961 1898 4060 Eurysthei
1913 3993 2008 4053 esse,
2028 3971 2136 4042 cuius
2150 3987 2245 4042 sunt.
2356 4029 2357 4036 ,

355 4073 459 4142 Sorte
480 4070 623 4152 ductos,
646 4055 829 4130 trahentes
845 4083 954 4151 genus
970 4083 990 4128 a
1007 4055 1206 4139 Ρθῐῑᾶῑθῐὶθ,
1397 4065 1458 4134 tot.
1474 4061 1600 4155 Longo
1616 4077 1777 4158 tempore
1792 4063 1992 4142 habitantes
2006 4071 2132 4143 locum
2147 4075 2312 4145 Minerva
2356 4069 2357 4130 l

357 4163 785 4264 CognatifiliisHerculis:
805 4187 1074 4258 quorumcausa
1093 4160 1244 4229 adfines
1349 4167 1399 4240 70
1419 4166 1524 4236 Ferte
1541 4191 1665 4258 0p2m3
1690 4167 1784 4242 lovis
1800 4169 1997 4268 Agoraeit)
2014 4178 2203 4270 supplice,

357 4275 530 4345 Venimus
571 4271 787 4365 inclytarum
821 4262 1065 4350 Athenarum,
1115 4265 1159 4332 ad
1201 4258 1297 4334 hunc
1399 4267 1481 4338 Vim
1498 4270 1677 4362 patimur,
1700 4284 1736 4342 et
1751 4299 1906 4346 coronae
1919 4277 2158 4370 polluuntur:

705 4371 837 4441 locum.
1015 4459 1017 4462 Ι
1400 4371 1472 4442 Res
1488 4385 1540 4444 est
1550 4375 1686 4464 probro
1704 4376 1861 4463 civitati,
1877 4393 1913 4449 et
1931 4385 2156 4453 contumelia
2174 4384 2322 4454 Deorum.

359 4477 513 4548 Exilium
528 4499 639 4570 porro
656 4476 877 4566 gubernatur
894 4495 913 4539 a
930 4471 1070 4540 duobus
1084 4465 1238 4540 senibus.
1401 4477 1500 4549 Cher.
1539 4474 1656 4562 Hem,
1691 4480 1771 4572 quis
1794 4493 1846 4552 est
1868 4483 1927 4554 ille
1951 4485 2092 4556 clamor
2120 4503 2221 4558 ortus
2249 4486 2322 4551 iuxta

310 4581 360 4654 40
383 4579 462 4672 Ego
480 4581 624 4676 quidem
640 4605 717 4648 sum
735 4575 906 4648 sollicitus
922 4598 988 4665 pro
1006 4569 1061 4647 his
1076 4571 1213 4665 pueris;
1762 4585 1889 4653 amm?

360 4685 431 4754 Sed
449 4685 619 4754 Alcmena
636 4682 769 4751 liberos
785 4676 931 4748 feminei
950 4702 1052 4747 sexus
1403 4679 1500 4772 Quid
1516 4681 1651 4773 negotii
1668 4685 1855 4755 ostendet?

359 4786 459 4856 Intra
473 4781 542 4856 hoc
557 4785 729 4876 templum
746 4779 931 4872 complexa
1687 4813 1897 4914 [strophe
1934 4819 1988 4919 1·]

1325 4985 1327 4995 Α
1354 4927 1402 5002 75
1425 4935 1487 5002 Iol.
1510 4931 1648 5004 Videtis
1667 4959 1787 5005 senem

1402 5031 1579 5105 lacentem
1594 5037 1632 5107 iu
1650 5039 1727 5110 solo
1743 5041 1879 5119 fusum;
1902 5065 1960 5110 me
1975 5041 2171 5114 miserum!

346 5155 377 5221 ³)
403 5153 536 5216 Allegeur
560 5177 593 5190 -
617 5142 764 5212 potentia]
796 5147 838 5196 sio
865 5145 949 5198 Edttt.
975 5145 1066 5211 totta,
1096 5147 1187 5206 1562.;
1218 5149 1300 5200 Baris,

382 5223 478 5273 eaden
496 5221 582 5270 verbo
600 5229 641 5278 gr.
660 5217 703 5266 sto
722 5215 823 5266 vertttc
840 5215 972 5277 argivam
988 5217 1086 5266 urben
1103 5217 1231 5268 landinus
1251 5231 1301 5270 ex·

383 5292 487 5341 tollens
514 5291 541 5339 et
560 5289 675 5348 diceus,
701 5297 755 5334 non
774 5296 888 5348 parvum
913 5283 985 5334 tuter
1007 5287 1111 5336 anteon
1130 5286 1228 5337 odium
1251 5299 1301 5336 οι.
1387 5276 1419 5330 4)
1439 5271 1500 5321 nitri
1521 5268 1654 5340 suppettt]
1673 5273 1714 5322 sto
1732 5275 1781 5326 sd.
1803 5275 1893 5340 tam
1912 5277 1961 5328 no.
1983 5279 2057 5328 taos.
2078 5279 2204 5342 suppettt
2221 5275 2284 5326 nttt

382 5361 497 5410 mtnn
526 5355 577 5418 iri,
617 5355 644 5406 rt
673 5367 723 5404 nos
755 5355 934 5418 receperint,
968 5355 995 5404 et
1026 5353 1109 5403 strunt
1139 5367 1172 5405 re
1202 5357 1302 5405 florere
1388 5359 1420 5416 a)
1440 5354 1574 5423 agor-eet]
1593 5359 1734 5410 noctem
1755 5361 1893 5423 epitheton
1912 5364 1938 5412 tn
1960 5353 2317 5427 instantissimam

385 5429 514 5482 ueram.
1424 5427 1466 5476 ste
1485 5426 1652 5487 expttootur:
1673 5429 1724 5489 out
1744 5429 1805 5488 tora
1824 5433 1851 5481 et
1869 5435 1964 5482 coetus
1981 5434 2119 5483 tantumn
2139 5437 2226 5484 corat.

321 5008 527 5025 Μ
