4844 6122
877 237 1004 314 ruu.
1034 238 1148 314 uua.
1184 237 1390 314 scuurn
1421 225 1763 319 amoenetur

634 414 698 484 De
718 407 960 500 frutribus.

402 547 457 618 Ex
486 571 558 641 qun
589 547 669 616 loco
695 547 922 620 coniecturae
943 553 987 620 de
1011 553 1221 642 parentibus
1245 575 1302 622 su-

297 663 466 734 mantur,
494 650 628 731 dictum
648 663 710 721 est.
763 647 817 722 De
833 653 1003 724 fratribus
1026 678 1134 740 vero,
1169 656 1199 726 si
1221 655 1302 749 quis

300 753 463 847 generali
478 750 753 845 investigatione
770 769 958 827 contentus
982 758 1068 842 erit,
1101 781 1167 827 nec
1192 783 1299 849 supra

301 879 411 951 quam
427 856 595 948 possibile
616 869 687 940 est,
713 881 905 928 numerum
928 873 963 929 et
984 861 1216 954 particularia
1242 885 1300 932 ex-

300 971 380 1030 acte
397 971 564 1055 quaeret,
590 955 737 1052 physica
763 963 904 1032 ratione
930 965 975 1032 de
999 964 1180 1056 germanis
1203 975 1301 1036 etex

298 1065 427 1134 eadem
443 1075 558 1132 matre
576 1063 672 1132 uatis
688 1078 805 1134 sumet
820 1065 991 1136 iudicium
1010 1091 1053 1136 ex
1067 1069 1169 1160 signo
1189 1069 1300 1138 medii

299 1165 392 1237 coeli
401 1165 448 1266 ¹⁸)
467 1177 502 1237 et
520 1178 686 1236 materno
703 1167 802 1252 loco,
835 1164 905 1238 hoc
920 1181 993 1253 est,
1017 1169 1213 1263 excipiente
1231 1170 1300 1240 Ve-

297 1293 424 1340 nerem
440 1269 618 1353 interdiu,
646 1283 682 1339 et
696 1283 807 1341 noctu
822 1269 979 1344 Lunam.
1032 1273 1122 1343 Cum
1141 1275 1237 1343 cuim
1262 1275 1299 1343 id

297 1371 441 1465 signum
459 1385 494 1444 et
509 1373 700 1444 succedens
717 1372 916 1466 significent
929 1388 1080 1446 matrem
1098 1389 1133 1446 et
1160 1377 1236 1447 cius
1258 1377 1300 1445 li-

298 1477 426 1560 beros,
453 1475 522 1546 erit
537 1476 632 1545 idem
650 1477 802 1546 fratrum
820 1477 932 1550 locus.
985 1477 1023 1548 si
1037 1479 1148 1571 igitur
1167 1481 1300 1549 beneb-

296 1601 361 1649 cae
376 1579 477 1650 illum
495 1580 615 1650 locum
636 1579 856 1672 adspiciunt,
891 1582 1025 1652 multos
1047 1585 1176 1654 fratres
1196 1607 1300 1675 prac-

297 1682 477 1768 dicemus,
493 1682 734 1754 coniecturam
751 1684 920 1754 facientes
938 1709 957 1754 a
974 1686 1204 1756 multitudine
1218 1687 1300 1758 stel-

296 1785 437 1870 larum,
464 1798 500 1858 et
515 1809 558 1856 ex
572 1785 701 1878 signis;
734 1789 843 1857 refert
863 1787 982 1872 enim,
1011 1791 1133 1860 utruin
1158 1789 1205 1860 sit
1226 1813 1297 1858 una

296 1890 434 1983 figura,
461 1911 509 1958 an
523 1890 749 1982 bicorpores.

401 1992 467 2064 Sin
498 2005 619 2062 autem
641 1995 823 2062 maleficae
845 1994 968 2064 stellae
991 2017 1098 2086 supra
1126 1989 1222 2064 hunc
1245 1993 1298 2062 lo·

297 2119 380 2168 cum
395 2095 553 2166 elevatae
568 2095 714 2180 fuerint,
735 2109 798 2166 aut
813 2097 947 2167 fuerint
963 2095 1148 2190 oppositae
1163 2123 1206 2168 ex
1223 2095 1299 2166 dia-

296 2211 433 2283 metro,
464 2198 715 2290 significabunt
737 2223 872 2292 paucos
895 2203 1034 2272 fratres.
1093 2201 1300 2270 Adsumunt

297 2314 417 2374 autem
442 2313 477 2372 et
498 2302 630 2374 Solem.
688 2303 880 2375 Praeterea
910 2304 1002 2376 siin
1028 2303 1235 2374 cardinibus
1258 2303 1299 2372 fit

297 2403 498 2499 oppositio,
526 2419 562 2476 et
584 2407 740 2476 maxime
762 2405 793 2478 si
814 2406 852 2476 in
877 2407 1089 2478 ascendente
1113 2405 1161 2476 sit
1174 2406 1298 2478 Satur·

295 2533 384 2592 uus,
411 2507 587 2600 significat
607 2509 877 2604 primogenitis;
903 2510 960 2580 sin
985 2522 1104 2582 autem
1122 2508 1223 2580 Mars
1247 2508 1298 2580 ibi

295 2611 383 2698 erit,
408 2612 557 2708 reliquis
573 2626 728 2684 mortem
744 2613 916 2682 minatur.

398 2713 468 2785 Sed
482 2717 648 2808 planetae
664 2718 808 2788 datores
819 2717 988 2799 fratrum,
1006 2714 1036 2785 si
1053 2716 1152 2785 iuxta
1168 2715 1296 2786 mundi

293 2817 453 2912 positum
471 2819 563 2890 bene
576 2843 613 2890 se
629 2815 833 2904 habebunt,
865 2820 995 2890 fratres
1018 2819 1158 2890 dabunt
1176 2819 1294 2889 forma

294 2933 330 2990 et
351 2921 465 3014 gloria
487 2935 729 3015 praestantes;
762 2935 908 2994 econtra
931 2946 1039 3006 vero,
1070 2921 1237 2994 sordidos
1261 2934 1297 2994 et

295 3025 478 3097 obscuros.
530 3023 594 3096 Sin
609 3040 729 3098 autem
748 3027 931 3098 maleficae
953 3025 1076 3098 stellae
1101 3049 1210 3120 supra
1234 3027 1296 3096 da-

293 3128 400 3217 trices
416 3129 574 3200 elevatae
588 3130 741 3216 luerint,
767 3144 831 3202 aut
851 3131 1041 3201 succedent
1061 3130 1131 3216 eis,
1157 3130 1296 3200 dabunt

292 3255 370 3302 non
399 3233 600 3319 durabiles,
638 3235 818 3308 masculae
848 3233 946 3306 iuxta
975 3232 1133 3328 positum
1166 3233 1296 3304 mundi

291 3335 442 3422 fratres,
465 3338 619 3408 feminae
636 3365 722 3410 vero
748 3363 901 3408 sorores.
953 3335 1005 3406 Ac
1026 3336 1115 3408 sitae
1140 3336 1177 3406 in
1199 3350 1294 3420 ortu,

293 3439 495 3532 significant
511 3442 711 3532 prioribus;
730 3441 818 3512 sitae
834 3464 920 3509 vero
940 3439 978 3508 in
995 3464 1143 3522 occasu,
1161 3440 1295 3532 signib-

295 3558 379 3614 cant
398 3544 670 3636 posterioribus.
722 3543 913 3613 Praeterea
938 3543 968 3613 si
995 3541 1146 3612 datrices
1171 3543 1294 3612 stellae

292 3646 444 3718 feliciter
468 3647 646 3740 aspiciunt
667 3648 830 3742 signnm,
873 3645 971 3741 quod
994 3645 1203 3715 dominatur
1223 3645 1295 3714 sra-

292 3751 428 3837 tribus,
461 3753 691 3830 concordiam
713 3753 865 3822 fratrum
889 3749 1075 3840 significat.
1143 3747 1206 3818 Sin
1232 3773 1295 3818 au-

293 3867 366 3926 tem
384 3857 551 3950 congruit
566 3881 645 3926 cum
662 3869 766 3950 parte
780 3855 969 3938 fortunae,
994 3851 1170 3944 siguificat
1185 3851 1295 3922 socie-

293 3973 405 4030 tatem
420 3961 645 4033 facultatum.
698 3959 767 4030 Sed
785 3959 816 4029 si
830 3955 937 4027 nullis
961 3956 1186 4048 adspectibus
1211 3979 1295 4024 con·

293 4063 437 4134 iunctae
465 4063 620 4149 fuerint,
654 4076 718 4133 aut
746 4059 954 4154 oppositae,
987 4057 1189 4151 significant
1211 4059 1293 4128 odia

293 4179 439 4250 mutua,
466 4167 744 4237 aemulationem
764 4178 799 4234 et
814 4163 1065 4235 universaliter
1076 4161 1235 4233 insidias.

399 4268 587 4342 Caeterum
607 4269 637 4341 si
653 4271 732 4364 quis
748 4265 979 4360 particularia
1000 4266 1175 4336 curiosius
1198 4289 1294 4335 scru-

196 4461 198 4466 .
294 4369 365 4443 tari
379 4373 494 4457 volet,
510 4373 683 4444 datricem
699 4371 838 4444 stellam
855 4369 1005 4439 collocet
1021 4369 1058 4437 in
1075 4363 1293 4461 horoscopo,

292 4479 388 4548 facto
404 4471 583 4562 themate,
608 4475 701 4547 utin
717 4473 848 4566 genesi.

571 4683 626 4751 ne
641 4677 803 4750 musculis
817 4687 850 4748 et
859 4676 1015 4766 femellis.
1035 4757 1036 4760 Ἴ

398 4831 490 4904 Cum
519 4804 617 4901 iuxta
643 4831 805 4900 ordinem
829 4841 974 4901 nostrae
997 4826 1294 4900 considerationis

295 4933 429 5006 tradita
448 4935 521 5004 iam
545 4933 592 5004 sit
613 4931 776 5003 doctrina
805 4935 848 5004 de
872 4931 1043 5002 fratribus
1066 4931 1293 5002 convenienti

298 5075 508 5093 ψ

334 5153 380 5219 ts)
401 5165 438 5204 ex
459 5153 541 5218 stgno
560 5149 643 5201 medtt
667 5147 920 5211 maturatam.
945 5159 979 5198 ex
1000 5146 1080 5212 stgno
1098 5151 1136 5204 u.
1154 5146 1185 5200 c.
1211 5147 1294 5208 (rto-

364 5227 431 5276 leua.
449 5217 505 5274 cluo*
528 5220 580 5272 roci
594 5218 838 5288 memoraverim:
849 5215 1105 5284 δωδεκατημορίου,
1123 5227 1194 5281 qnae
1209 5218 1293 5268 ulam

365 5295 403 5346 ab
420 5291 539 5356 Aegtttio
556 5291 708 5344 rebaldus
725 5291 814 5350 [cont.
839 5299 925 5352 snpra
950 5301 974 5350 p.
992 5289 1011 5340 a
1027 5290 1087 5350 sn]
1111 5287 1294 5340 transteren-

364 5368 411 5413 tur
427 5361 528 5414 ttsuen
554 5361 664 5411 vertis:
690 5373 754 5426 „ex
778 5359 859 5426 signo
882 5357 965 5408 mauu
989 5353 1094 5424 coelt’',
1118 5358 1155 5408 ab
1172 5357 1293 5407 Antonto

365 5433 482 5496 Omra
505 5431 594 5492 [curu.
619 5441 706 5494 supra
728 5445 754 5494 p.
779 5429 798 5481 7
820 5429 879 5494 sp]
901 5429 994 5478 auten
1020 5426 1076 5479 stc:
1103 5439 1165 5494 „cx
1190 5437 1223 5478 eo
1247 5425 1293 5492 qut

362 5502 436 5554 ooett
452 5501 572 5554 neuton
589 5505 706 5566 occupat
721 5499 852 5566 stgnttcrt
869 5491 982 5558 loco.”).

1350 427 1391 484 et
1405 413 1564 486 naturali
1576 417 1707 502 modo,
1720 415 1900 514 reliquum
1915 417 2024 492 fuerit
2042 424 2157 494 ordiri
2171 449 2235 511 ea,
2257 449 2350 521 quae

1356 519 1523 588 accidunt
1546 518 1584 588 in
1606 519 1683 612 ipsa
1709 521 1952 612 generatione.
2017 527 2071 596 Ac
2094 527 2252 619 primum
2278 543 2352 600 tra-

1355 621 1438 691 dam
1457 622 1580 692 brevia
1598 637 1787 718 praecepta
1807 626 1851 693 de
1864 627 2031 698 masculis
2046 641 2081 700 et
2094 632 2248 704 feminis.

1456 725 1618 796 Sumitur
1635 738 1755 796 autem
1771 727 1943 798 iudicium
1961 753 2036 800 non
2052 735 2097 803 ab
2112 759 2182 806 nna
2204 759 2263 818 re,
2287 736 2353 812 sed

1354 827 1400 897 ab
1428 841 1583 922 utroque
1610 827 1783 898 luminari
1806 843 1842 900 et
1866 831 1911 900 ab
1932 827 2156 930 horoscopo,
2183 853 2218 908 ct
2241 837 2354 910 stellis

1352 925 1568 1002 habentibus
1587 932 1837 1026 cognationem
1862 957 1944 1004 cum
1964 931 2186 1034 horoscopo,
2213 942 2354 1034 praeci-

1352 1058 1421 1126 pue
1438 1033 1604 1126 infigura
1623 1049 1832 1128 conceptus;
1849 1037 2033 1112 ausanius
2047 1025 2165 1112 aulem
2182 1041 2353 1136 infigura

1353 1137 1439 1206 editi
1462 1151 1599 1229 partus.

1453 1235 1495 1308 In
1524 1263 1663 1310 summa
1693 1263 1779 1308 vero
1817 1241 2079 1314 observandum
2114 1261 2185 1329 est,
2225 1259 2354 1318 utrum

1352 1341 1536 1434 praedicta
1568 1342 1636 1411 tria
1668 1342 1746 1410 loca
1779 1355 1815 1410 et
1838 1343 1960 1414 stellae
1979 1347 2253 1432 dominatrices‚
2286 1373 2354 1420 seu

1352 1443 1493 1536 plures,
1509 1469 1571 1516 seu
1586 1468 1730 1528 omnes,
1745 1443 1817 1514 sint
1831 1459 1960 1516 natura
1978 1452 2175 1535 masculae,
2199 1475 2246 1520 an
2261 1474 2354 1520 vero

1351 1545 1538 1619 femineae.
1589 1545 1676 1616 lude
1694 1545 1925 1618 indicandum
1945 1564 2007 1624 est.
2058 1547 2259 1624 Sunteuim
2277 1551 2355 1624 dis·

1352 1651 1552 1721 cernendae
1571 1649 1714 1733 stellae,
1747 1653 2053 1746 quemadmodum
2078 1653 2116 1724 in
2133 1655 2261 1746 primis
2278 1655 2353 1724 ele·

1351 1754 1481 1825 mentis
1495 1749 1602 1824 huius
1618 1751 1705 1823 artis
1720 1751 1814 1838 dixi,
1840 1755 2014 1828 masculas
2031 1769 2092 1826 aut
2111 1757 2284 1829 femineas
2307 1781 2355 1830 ex

1351 1869 1481 1926 natura
1499 1856 1705 1947 signorum,
1731 1867 1793 1925 aut
1808 1879 1851 1927 ex
1864 1858 2089 1949 planetarum
2107 1874 2259 1945 natura,
2285 1873 2355 1931 aut

1352 1957 1528 2052 expositu
1545 1960 1731 2028 mundano
1745 1957 1907 2032 indicari.
1926 2021 1928 2028 ,

1453 2059 1546 2134 Nam
1568 2061 1606 2130 in
1623 2073 1706 2129 ortu
1722 2071 1807 2130 sunt
1822 2063 2017 2146 masculae,
2044 2062 2081 2133 in
2099 2087 2226 2133 occaect
2243 2063 2354 2134 femi-

1350 2186 1453 2235 neae.
1512 2165 1706 2234 Praeterea
1735 2187 1816 2234 cum
1848 2163 1967 2236 Solem
1999 2169 2234 2250 antecedunt,
2263 2180 2353 2238 sunt

1350 2267 1548 2349 masculae;
1576 2291 1656 2338 cum
1681 2278 1902 2359 sequnntur,
1932 2268 2108 2342 femineae
2129 2282 2225 2341 sunt.
2276 2271 2351 2340 Per

1349 2364 1605 2456 haecomnia,
1629 2368 1793 2438 facienda
1817 2382 1876 2444 cst.
1891 2371 2116 2457 coniectura,
2150 2395 2246 2467 quae
2265 2372 2346 2444 stel-

1349 2473 1405 2542 lae
1438 2471 1512 2542 vim
1541 2471 1773 2565 praecipuam
1804 2466 1961 2543 habeant
1993 2477 2038 2544 ad
2073 2477 2351 2568 significandum

1349 2599 1484 2648 sexum.

1696 2800 1762 2872 De
1783 2799 1984 2887 geminis.

1450 2963 1603 3036 Etcum
1634 2976 1831 3036 nascuntur
1856 2968 2008 3058 gemini,
2040 2983 2103 3040 aut
2127 2971 2266 3064 plures,
2300 2975 2356 3042 ad

1349 3069 1503 3140 eundem
1524 3069 1675 3138 modum
1699 3065 1921 3140 observanda
1946 3083 2030 3142 sunt
2050 3075 2123 3144 duo
2145 3071 2284 3144 lumina
2312 3088 2355 3146 et

1347 3167 1582 3264 horoscopus.
1647 3168 1853 3243 Nascuntur
1887 3174 1982 3243 enim
2011 3177 2152 3268 plures,
2195 3187 2354 3270 propter

1348 3275 1641 3356 commixtiones,
1684 3297 1765 3342 cum
1798 3277 1938 3349 duobus
1960 3293 2031 3348 aut
2045 3279 2159 3351 tribus
2183 3279 2270 3350 locis
2291 3279 2355 3350 iu·

1347 3379 1506 3472 signibus
1522 3389 1606 3448 suut
1619 3375 1719 3466 signa
1738 3376 1970 3472 bicorporea;
1997 3393 2032 3451 et
2051 3383 2228 3468 maxime,
2255 3409 2356 3478 quo-

1346 3483 1445 3552 niam
1462 3482 1628 3574 planetae
1645 3479 1890 3555 dominatores
1909 3485 2061 3555 eundem
2085 3486 2202 3555 locum
2226 3485 2354 3578 adspi-

1348 3586 1459 3670 ciunt,
1482 3596 1544 3656 aut
1561 3586 1733 3654 duosuut
1749 3583 1913 3678 insignis
1930 3588 2164 3680 bicorporeis,
2193 3599 2256 3657 aut
2270 3591 2354 3660 dno

1347 3689 1512 3780 pluresve
1541 3688 1707 3779 planetae
1739 3689 1921 3760 coniuncti
1947 3703 2041 3762 snut.
2100 3691 2257 3784 Quando
2282 3715 2355 3762 an·

1347 3804 1418 3861 tem
1435 3791 1472 3860 in
1488 3791 1577 3860 locis
1592 3788 1791 3881 insignibus
1813 3805 1897 3864 sunt
1917 3793 2129 3885 bicorpores
2154 3795 2275 3885 signa,
2311 3811 2354 3868 et

1345 3892 1468 3988 plures
1494 3895 1659 3986 planetae
1692 3915 1732 3962 ea
1768 3895 1989 3990 adspiciunt,
2027 3909 2112 3967 tunc
2146 3909 2356 3969 nascuntur

1347 3997 1455 4068 etiam
1471 3997 1592 4089 plures
1608 3995 1760 4067 duobus.
1810 3999 1863 4070 Ac
1879 4023 2050 4071 numerus
2066 3997 2211 4094 quidem
2234 4001 2356 4070 sumi-

1346 4114 1441 4172 tura
1459 4102 1603 4193 planeta
1620 4099 1850 4186 dominante,
1877 4103 2004 4174 collata
2023 4101 2166 4174 numeri
2189 4103 2354 4178 ratione.

1346 4204 1416 4275 Sed
1435 4229 1537 4275 sexus
1554 4203 1735 4274 indicatur
1752 4227 1794 4272 ex
1809 4205 1963 4299 planetis
1978 4205 2357 4292 intuentibusSolem,

1346 4321 1409 4380 aut
1431 4306 1593 4392 Lunam,
1620 4319 1683 4376 aut
1696 4301 1958 4402 horoscopum,
1995 4309 2058 4404 q'ui
2082 4311 2227 4404 quaudo
2249 4333 2357 4382 mas-

1346 4411 1473 4494 culos,
1527 4412 1673 4505 quando
1702 4410 1853 4483 feminas
1884 4411 2108 4504 significent,
2156 4425 2259 4481 antea
2291 4411 2360 4481 ‹li-

1346 4525 1442 4586 ctnm
1458 4527 1522 4586 est.

1450 4633 1539 4705 Cum
1559 4648 1677 4704 autem
1701 4635 1781 4704 talis
1802 4635 1990 4727 dispositio
2014 4657 2089 4703 non
2115 4633 2279 4724 adiungit
2300 4639 2362 4706 ad

1345 4737 1482 4810 lumina
1501 4739 1684 4810 cardinem
1701 4733 1913 4830 horoscopi,
1940 4738 2021 4808 talis
2038 4737 2076 4808 in
2092 4749 2207 4806 matre
2224 4735 2363 4828 dispo-

1345 4839 1427 4914 sitio
1455 4842 1668 4937 plerumque
1699 4840 1861 4933 geminos
1891 4853 1954 4911 aut
1981 4841 2088 4912 etiam
2118 4840 2238 4933 plures
2260 4861 2363 4931 pro-

1345 4959 1455 5016 creat.
1506 4947 1559 5017 Ac
1573 4943 1802 5038 peculiariter
1818 4955 1890 5014 tres
1904 4967 2041 5027 mares,
2068 4943 2185 5037 qtralis
2207 4953 2259 5011 est
2275 4955 2366 5016 ter-

1346 5049 1573 5140 geminorum
1595 5049 1801 5140 generatio,
1827 5047 1980 5140 gignunt
1995 5047 2102 5140 positi
2118 5046 2157 5116 in
2177 5046 2365 5138 bicorpo-

1345 5151 1436 5237 reis,
1469 5151 1507 5222 in
1524 5151 1612 5223 locis
1627 5150 1749 5237 dictis,
1780 5151 1978 5234 Saturnus,
2007 5147 2143 5242 Iupiter
2167 5161 2201 5218 et
2226 5146 2369 5236 Mam

1345 5267 1419 5327 tres
1430 5255 1610 5342 femellas,
1635 5254 1753 5352 qualis
1767 5265 1820 5327 est
1834 5250 2024 5328 Charitum
2046 5253 2252 5347 generatio,
2283 5277 2367 5345 pa-

1344 5358 1445 5430 riunt
1471 5357 1614 5446 Venus,
1658 5357 1762 5430 Luna
1797 5369 1832 5428 ct
1863 5356 2065 5430 Mercurius
2099 5355 2370 5442 effeminatum

1346 5465 1437 5542 duos
1451 5487 1570 5536 mares
1582 5475 1618 5534 et
1632 5485 1742 5536 uuam
1758 5461 1960 5548 femellam,
1986 5459 2102 5556 qualis
2114 5459 2184 5532 fnit
2196 5481 2371 5552 genera-
