4844 6122
284 201 344 288 012

887 201 1011 278 rau.
1037 203 1152 278 una.
1177 165 1747 280 commemorem

282 375 394 452 lentie
421 373 624 468 praedices,
653 387 905 468 sumptuosos,
938 375 1149 462 muliebres,
1182 398 1282 448 ema-

1335 375 1399 448 ciis
1413 377 1592 461 fruentes,
1614 378 1749 462 laetos,
1774 375 1933 462 iocosos,
1958 375 2136 462 incautos,
2161 377 2331 465 manicos,

283 479 417 562 torius,
448 477 601 560 salaces,
634 501 770 571 pronos
793 481 840 550 ad
858 477 1068 565 libidinem,
1094 473 1283 561 moechos,
1332 479 1541 570 saltatqres,
1582 480 1798 564 amatorios,
1838 492 2001 551 amantes
2020 481 2240 568 liberorum,
2272 479 2330 554 hi·

284 595 452 655 omarum
468 591 707 664 mutantes,
733 582 881 666 molles,
907 581 1078 673 ignavos,
1103 580 1283 674 profusio·
1332 581 1506 668 striones,
1530 583 1689 654 fnrcntes
1703 583 1970 676 voluptatibus,
1992 583 2163 656 facientes
2178 609 2332 678 magnos

282 696 573 768 nomenante,
604 684 901 768 subsannatores,
927 685 1066 770 fatuos,
1091 680 1282 756 vehemen-

284 799 348 872 tes,
374 798 557 878 comptos,
583 787 772 860 muliebria
792 786 941 858 consilia
957 787 1195 870 instituentes,
1221 811 1281 858 su·

282 889 526 984 perstitimus,
577 889 745 974 lenones,
792 891 1024 962 observantes
1066 912 1280 962 arcanarum

282 993 614 1078 caeremoniarum,
639 993 782 1076 fideles,
808 1005 844 1064 et
858 1017 934 1064 non
949 993 1103 1064 nocendi
1118 991 1281 1085 cupidos,

281 1095 447 1181 festivos,
472 1095 612 1179 faciles,
637 1090 790 1182 hilares,
816 1107 852 1166 et
868 1097 915 1166 ad
932 1095 1094 1188 praemia
1121 1095 1280 1166 cumula-

282 1200 354 1274 tius
368 1200 487 1308 danda
509 1199 686 1270 liberales.

561 1369 694 1457 Iupiter
718 1387 793 1438 cvm
817 1365 1006 1438 Mercurio.

385 1500 628 1574 Familiaritas
641 1497 736 1570 lovis
753 1523 833 1570 cum
850 1497 1033 1570 Mercurio
1050 1497 1089 1568 in
1103 1496 1191 1567 locis
1204 1495 1281 1566 lau·

281 1609 393 1692 datis,
427 1603 513 1676 facit
531 1615 692 1674 amantes
713 1599 937 1686 litterarum,
961 1603 1156 1684 facundos,
1182 1599 1282 1668 dedi·

282 1725 338 1784 tos
359 1706 597 1803 geometriae,
629 1703 846 1796 disciplinis,
888 1701 1070 1796 poeticae,
1112 1703 1282 1796 eloquen-

281 1816 373 1898 tiae,
406 1809 632 1904 ingeniosos,
665 1809 867 1890 modestos,
899 1801 1097 1890 humanos,
1129 1799 1280 1876 honesta

283 1915 431 1990 consilia
455 1924 688 2010 quaerentes,
714 1909 901 2004 politicos,
928 1911 1126 1990 beneficos,
1161 1907 1280 1976 aliena

281 2019 427 2113 negotia
447 2015 757 2097 administrantes,
782 2035 921 2095 comes,
945 2011 1130 2098 liberales,
1156 2032 1281 2078 aman-

282 2137 335 2194 tes
358 2133 546 2204 coetuum,
580 2116 706 2188 callide
728 2118 960 2187 observantes
982 2115 1091 2200 alios,
1108 2121 1199 2200 ‘non
1217 2105 1281 2180 ha·

280 2228 405 2298 hentes
441 2223 563 2294 irritos
595 2221 778 2314 impetus,
827 2217 977 2292 idoncos
1016 2212 1281 2310 gubernationi,

281 2329 383 2425 pios,
410 2319 589 2398 studiosos
611 2347 732 2394 rerum
747 2320 976 2404 divinarum,
1003 2318 1192 2412 pecuniam
1215 2318 1281 2386 bo·

282 2434 339 2504 nis
354 2431 489 2504 artibus
509 2439 700 2521 augentes,
734 2447 818 2516 erga
843 2434 1015 2514 cognatos
1037 2420 1194 2492 naturali
1220 2421 1281 2490 be-

283 2533 489 2606 nevolentia
509 2531 714 2626 praeditos,
741 2539 903 2596 amantes
928 2549 1099 2608 suorum,
1131 2523 1282 2594 idoneos

282 2637 511 2730 disciplinae,
550 2625 808 2728 philosophos,
843 2628 1055 2720 dignitatem
1082 2626 1206 2719 magni
1230 2626 1283 2694 fa·

283 2744 427 2814 cientes.

384 2843 434 2912 At
448 2841 486 2910 in
506 2837 595 2908 locis
620 2835 830 2920 contrariis,
859 2833 1029 2918 stolidos,
1060 2829 1283 2904 hallucinan-

285 2961 357 3030 tes,
383 2947 613 3024 aberrantes,
639 2942 844 3031 despectos,
879 2937 1072 3020 attonitos,
1097 2935 1284 3018 fanaticos,

284 3061 496 3141 nugatores,
535 3044 685 3127 lividos,
726 3053 938 3132 arrogantes
964 3040 1033 3112 sibi
1056 3038 1284 3134 sapientiam,

284 3153 618 3243 incircumspectos,
657 3146 915 3230 iactabundos,
954 3143 1087 3214 artium
1114 3141 1282 3214 exercitia

285 3269 489 3338 tentantes,
538 3275 689 3342 magos,
732 3249 980 3341 trepidantes,
1022 3258 1283 3330 consternatos,

286 3361 398 3432 multa
424 3355 667 3453 inquirentes,
701 3375 900 3434 memores,
934 3349 1108 3420 doctrinis
1131 3348 1284 3432 deditos,

286 3465 326 3534 in
341 3459 584 3556 voluptatibus
601 3455 814 3528 munditiem
835 3466 1009 3526 amantes.

730 3629 848 3700 Mors.

390 3773 489 3843 Mars
503 3795 584 3840 cum
608 3769 704 3856 solus
724 3766 934 3838 dominatur
956 3764 1117 3836 moribus
1138 3765 1176 3834 in
1198 3765 1286 3836 locis

288 3877 460 3960 laudatis,
490 3873 576 3944 facit
600 3895 814 3964 generosos,
845 3867 1100 3961 gubernationi
1124 3868 1286 3952 idoneos,

289 3979 500 4062 iracundol,
547 3975 691 4046 divitias
724 3983 952 4066 appetentes,
1000 3985 1186 4056 vorantes,
1226 3995 1285 4040 ro-

288 4089 434 4168 bustos,
461 4079 629 4174 periculis
641 4103 678 4150 se
693 4077 914 4159 obiicientes,
940 4075 1097 4168 pericula
1114 4099 1285 4167 spernen-

289 4204 354 4273 tes,
379 4211 455 4258 non
468 4183 646 4278 patientes
660 4180 853 4264 servitutis,
877 4179 1095 4272 negligentes
1111 4179 1179 4261 sui,
1205 4201 1286 4271 per-

290 4293 447 4374 vicaces,
493 4281 740 4370 vehementes,
785 4307 968 4366 morosos,
1008 4294 1286 4374 contemptores,

290 4393 518 4489 tyrannicos,
546 4413 657 4463 manu
679 4399 888 4478 promptos,
923 4385 1136 4470 iracundos,
1158 4386 1286 4477 guber-

290 4512 447 4570 natores.

391 4602 440 4672 At
463 4599 502 4668 in
527 4598 616 4666 locis
639 4591 851 4676 contrariis,
897 4592 1078 4673 crudeles,
1123 4588 1287 4675 iniustos,
1332 4641 1339 4652 .

289 4702 474 4794 sanguinis
496 4701 640 4782 avidos,
667 4695 912 4777 turbulentos,
936 4705 1185 4784 sumptuosos,
1217 4693 1287 4762 cla-

290 4821 448 4880 matores
479 4825 726 4898 percussores,
760 4797 989 4890 praecipites,
1016 4795 1196 4878 ebriosos,
1231 4819 1288 4864 ra-

291 4925 432 5004 ptores,
464 4908 709 4987 facinorosos,
748 4901 988 4984 truculentos,
1030 4911 1129 4973 mota
1155 4911 1287 4982 mente,

291 5015 465 5096 furiosos,
491 5011 565 5084 suis
582 5007 766 5090 inimicos,
791 5004 935 5096 impios.

603 5183 708 5252 Mars
730 5200 806 5246 cum
835 5177 973 5246 Venere.

393 5315 636 5388 Familiaritas
654 5339 734 5386 cnm
748 5311 888 5382 Venere
905 5308 944 5378 in
960 5307 1115 5380 laudatis
1130 5281 1217 5376 locis
1238 5307 1290 5376 fa-

292 5421 342 5494 cit
360 5417 514 5504 hilares,
543 5419 683 5504 faciles,
716 5413 965 5490 sodalitiorum
988 5424 1169 5494 amantes,
1203 5408 1290 5480 deli·

1333 696 1548 775 apparatus,
1579 685 1730 766 salaces;
1763 709 1899 778 pronos
1921 685 2066 782 quidem
2090 691 2137 758 ad
2150 685 2332 773 libidines,

1331 788 1393 856 sed
1417 797 1539 856 tamen
1563 811 1775 881 prosperos,
1812 801 1848 858 et
1866 788 1935 859 sibi
1961 801 2144 876 caventes,
2178 791 2332 864 circum-

1331 901 1490 981 spectos,
1535 914 1611 962 non
1635 891 1918 976 committentes,
1950 903 1992 963 ut
2013 891 2333 984 deprehendantur

1333 1016 1374 1060 ac
1393 1004 1586 1078 notentur,
1624 997 1832 1086 adpetentes
1861 994 2032 1068 iuvenilia
2060 1019 2213 1088 corpora
2243 1000 2333 1068 ado-

1331 1095 1524 1166 lescentum
1545 1109 1582 1166 et
1600 1091 1824 1190 puellarum,
1848 1110 2098 1189 sumptuosos,
2125 1099 2333 1184 iracundos,

1332 1197 1527 1290 zelotypos.
1635 1257 1640 1264 .

1434 1316 1483 1386 At
1505 1317 1545 1388 in
1568 1317 1656 1389 locis
1681 1317 1860 1400 distortis,
1892 1318 2227 1410 circumspectantes
2249 1317 2334 1387 libi-

1332 1417 1477 1503 dinose,
1504 1419 1648 1504 molles,
1672 1423 1833 1490 furenter
1846 1433 1991 1492 ruentes
2005 1421 2044 1490 in
2057 1421 2241 1503 libidines,
2267 1443 2334 1488 ne-

1332 1521 1503 1612 gligentes
1526 1523 1599 1606 sui,
1629 1521 1843 1606 maledicos,
1876 1519 2063 1606 moechos,
2093 1520 2335 1592 contumelio-

1331 1647 1410 1707 sos,
1435 1625 1644 1708 mendaces,
1674 1625 1943 1710 fraudulentos,
1969 1639 2092 1718 stupra
2109 1625 2181 1698 suis
2195 1637 2231 1693 ct
2245 1624 2336 1696 alie-

1332 1725 1389 1796 nis
1404 1726 1613 1810 offerentes,
1639 1751 1775 1819 pronos
1793 1741 1828 1797 et
1843 1725 2069 1799 vehementes
2093 1731 2137 1797 ad
2164 1728 2337 1819 volupta-

1332 1841 1404 1912 tes,
1430 1839 1659 1922 corruptores
1681 1831 1872 1900 mulierum
1898 1845 1933 1902 et
1955 1831 2157 1922 virginum,
2194 1843 2337 1900 temere

1331 1953 1369 2001 sc
1388 1931 1426 2000 in
1451 1932 1609 2025 pericula
1632 1933 1882 2016 conficientes,
1915 1933 2124 2025 flagrantes,
2151 1933 2336 2004 indecoris

1332 2034 1487 2125 gestibus
1503 2038 1727 2119 monstrosis,
1754 2035 1999 2119 insidiatores,
2024 2037 2201 2129 periuros,
2226 2036 2336 2106 facile

1332 2137 1589 2230 impingentes,
1615 2139 1760 2223 stultos,
1786 2151 1948 2210 amantes
1975 2153 2143 2224 ornatus,
2181 2141 2335 2224 feroces,

1332 2240 1451 2331 turpia
1468 2241 1685 2332 paciscentes
1703 2253 1738 2310 et
1760 2241 1972 2334 impudicos.

1624 2449 1731 2518 Mors
1750 2469 1827 2518 cunt
1850 2449 2040 2520 Mercurio.

1435 2579 1677 2651 Familiaritas
1692 2607 1772 2650 cum
1789 2581 1971 2652 Mercurio
1995 2581 2033 2650 in
2055 2581 2208 2652 laudatis
2232 2581 2337 2668 locis,

1333 2686 1419 2756 facit
1434 2683 1581 2754 callidos
1605 2684 1643 2752 in
1668 2685 1911 2776 excogitandis
1926 2685 2208 2778 stratagematis,
2236 2683 2339 2754 timi-

1334 2791 1418 2874 dos,
1443 2787 1640 2872 violentos,
1666 2787 1922 2870 inconstantes,
1948 2787 2339 2880 praemetientespcri-

1335 2893 1434 2974 cula,
1461 2901 1644 2976 versutos,
1670 2915 1826 2984 gnavus,
1851 2885 2084 2982 sophisticos,
2119 2890 2339 2976 laboriosos,

1335 2998 1526 3092 loquaces,
1554 2995 1758 3078 invasores,
1793 2993 1957 3076 dolosos,
1990 2993 2163 3078 mobiles,
2197 2993 2339 3086 captio-

1335 3125 1414 3180 sos,
1440 3097 1544 3167 malis
1562 3097 1720 3167 artificiis
1734 3096 2052 3168 circumvenientes
2068 3095 2178 3180 alios,
2210 3097 2339 3166 celeri-

1335 3217 1390 3272 ter
1405 3200 1628 3271 invenientes
1643 3199 1813 3284 consilia,
1840 3201 2065 3294 deceptores,
2093 3189 2340 3286 simtilatores,

1334 3291 1582 3386 insidiatores,
1609 3302 1825 3388 malitiosos,
1850 3301 2029 3388 curiosos,
2063 3304 2225 3388 sedulos,
2257 3327 2340 3374 non

1334 3405 1508 3479 habentes
1533 3406 1655 3476 irritos
1685 3403 1858 3498 impetus,
1899 3405 2001 3475 facile
2032 3405 2202 3477 similium
2225 3407 2339 3474 bene-

1336 3510 1531 3582 volentiam
1547 3507 1777 3578 conciliantes
1794 3521 1829 3576 et
1848 3521 2000 3593 tuentes,
2026 3509 2180 3579 inimicis
2201 3533 2339 3578 nocen-

1336 3629 1410 3697 tes,
1434 3612 1557 3686 amicis
1572 3609 1845 3682 benefacientes.

1439 3732 1487 3800 At
1510 3732 1547 3800 in
1569 3731 1655 3802 locis
1678 3730 1856 3816 distortis,
1894 3745 2143 3824 sumptuosos,
2191 3754 2341 3818 avaros,

1338 3835 1510 3918 crudeles,
1537 3833 1694 3928 pericula
1713 3847 1847 3904 temere
1862 3836 2047 3918 adeuntes,
2068 3835 2233 3920 audaces,
2253 3859 2340 3904 rnu-

1337 3950 1453 4010 tantcs
1469 3937 1709 4032 propositum,
1735 3937 1927 4029 perculsos,
1953 3949 2211 4022 consternatos,
2234 3961 2342 4009 men-

1338 4045 1462 4124 daces,
1489 4043 1604 4124 fures,
1630 4039 1781 4132 impios,
1808 4041 1993 4133 periuros,
2019 4042 2216 4126 invasores,
2240 4041 2343 4112 sedi-

1338 4145 1470 4228 tiosos,
1510 4141 1769 4230 incendiarios,
1807 4144 1847 4214 in
1868 4140 2016 4218 theatris
2041 4145 2235 4218 seditiones
2255 4137 2341 4214 mo-

1338 4261 1479 4333 ventes,
1506 4246 1803 4333 contumeliosos,
1828 4245 2006 4336 latrones,
2037 4251 2153 4336 fures,
2182 4243 2341 4318 homici-

1338 4353 1422 4436 das,
1448 4350 1629 4436 falsarios,
1656 4351 1879 4442 proditores,
1913 4353 2223 4448 praestigiatores,
2257 4377 2343 4422 ma-

1339 4479 1423 4548 gos,
1449 4455 1642 4540 veneficos,
1669 4447 1880 4544 homicidas.

1779 4646 1900 4712 Venus.

1442 4777 1563 4850 Venus
1577 4801 1658 4848 cum
1675 4779 1750 4848 sola
1766 4777 1976 4850 dominatur
1998 4778 2036 4848 in
2058 4779 2147 4850 locis
2168 4777 2347 4864 laudatis,

1338 4881 1423 4952 facit
1436 4882 1605 4965 blandos,
1638 4882 1774 4964 honos,
1807 4881 2017 4954 deliciarum
2043 4895 2225 4968 amantes,
2258 4881 2346 4952 ido·

1341 5009 1430 5056 neos
1455 4987 1501 5054 ad
1527 4984 1749 5054 concilianda
1775 4985 1892 5055 studia
1916 4981 2126 5073 hominum,
2151 4985 2348 5070 lactandos,

1341 5087 1530 5158 munditiei
1553 5099 1589 5156 et
1611 5083 1749 5158 choreis
1771 5088 1930 5174 deditos,
1963 5091 2166 5185 zelotypos,
2191 5085 2348 5174 hilares,

1341 5191 1568 5282 impatientes
1593 5189 1779 5276 laborum,
1811 5191 1943 5262 artium
1966 5216 2131 5286 capaces,
2168 5205 2348 5264 venustos

1341 5296 1517 5386 ingestu,
1542 5293 1746 5384 religiosos,
1771 5295 1869 5366 bono
1885 5291 2013 5368 habitu
2026 5296 2207 5391 corporis,
2241 5308 2348 5366 certa

1340 5397 1582 5482 somniantes,
1608 5401 1765 5470 naturali
1780 5423 1862 5494 erga
1878 5425 1961 5474 suos
1975 5401 2245 5486 benevolentia,
2276 5401 2347 5470 be·
