4844 6122
79 235 122 316 t⁵
242 229 387 307 xbvtt
432 229 831 307 ntruurtts‘rtrto
857 233 1033 308 orunts
1057 229 1446 331 qunnmttt'rtrl
1469 229 1754 306 PTOLEMAEI
1779 229 1869 305 LlB.
1890 230 1933 305 ll.

80 411 175 506 plices
188 406 364 496 ingeniis,
387 415 549 478 amantes
569 408 756 492 laborum,
782 409 933 502 placidi,
959 431 1063 478 mun-

80 513 166 586 ditiei
180 524 214 582 et
229 509 412 580 libertatis
427 511 548 602 cupidi
565 535 694 604 magna
712 525 890 616 exparte,
924 524 961 580 et
979 535 1064 603 pro·

81 631 150 712 pter
161 615 276 686 loven
300 612 431 683 colunt
443 613 697 684 Hammonem.

169 751 278 822 lluius
294 773 385 818 vero
404 747 616 842 quadrantis
631 775 669 819 ea
685 773 787 842 pars,
815 773 906 844 qnae
922 749 969 818 ad
992 773 1065 817 mc-

88 859 177 926 dinm
190 853 282 923 orbis
293 865 476 920 terrarum
493 853 626 943 vergit,
653 853 848 946 Cyrenaica
857 851 923 948 ¹⁰),
950 853 1065 944 Aegy-

93 971 187 1050 ptus,
202 951 366 1037 Thebais,
392 951 634 1040 Marmarica,
661 956 786 1040 Oasis,
805 955 1064 1050 Troglodytae,

102 1059 225 1142 Arabes,
244 1057 405 1139 Azania,
430 1052 623 1151 Aethiopia
640 1059 777 1139 media;
809 1053 867 1126 hic
883 1069 979 1128 totus
993 1070 1065 1126 tra·

100 1175 158 1230 ctus
173 1161 349 1254 oppositus
368 1159 468 1228 ortui
483 1161 638 1244 boreali,
672 1161 821 1233 assumit
843 1159 978 1254 aliquid
1001 1183 1065 1227 na-

91 1277 172 1334 turae
193 1261 365 1355 trianguli
393 1273 494 1333 ortus
517 1263 690 1349 borealis,
717 1263 980 1347 Geminorum,
1005 1261 1065 1329 Li-

85 1369 155 1436 brae
177 1379 208 1438 et
228 1363 409 1460 Aquarii;
444 1375 478 1433 et
500 1365 605 1437 simul
628 1367 862 1438 dominantur
872 1366 1066 1462 ¹Saturnus,

85 1467 197 1562 lnpiter
209 1481 246 1541 et
263 1465 490 1548 Mercurius;
514 1475 610 1540 unde
628 1483 663 1540 et
678 1467 807 1539 harum
826 1470 985 1560 gentium
1000 1463 1066 1536 ho-

87 1576 199 1658 mines,
237 1597 324 1643 curn
353 1583 527 1662 regantur
554 1575 758 1666 vespertino
789 1573 908 1666 positu
933 1567 1064 1642 horum

86 1675 313 1768 planetarum,
347 1687 551 1744 reverentes
576 1691 658 1747 sunt
681 1673 862 1758 Deorum,
897 1673 1066 1766 supersti-

86 1780 173 1863 tiosi,
206 1777 320 1848 dediti
345 1777 582 1848 caeremoniis
606 1793 641 1848 et
662 1781 828 1852 funerum
852 1774 997 1859 ritibus,
1032 1787 1067 1844 et

89 1895 231 1952 mortuos
260 1895 357 1950 terra
393 1879 587 1951 condentes
617 1893 652 1950 et
680 1894 887 1951 amoventes
918 1905 960 1948 ex
982 1901 1067 1948 con-

88 1995 214 2076 speetu,
251 1995 400 2076 propter
428 1984 674 2074 vespertinum
709 1985 879 2076 positum.
948 1979 1067 2050 Variis

93 2099 203 2154 antem
213 2085 350 2174 legibus
363 2099 395 2154 et
408 2087 647 2156 caeremoniis
661 2099 830 2167 utuntur;
857 2097 1010 2178 suntque
1026 2084 1065 2152 in

103 2187 251 2276 parendo
271 2181 429 2270 humiles,
457 2187 594 2272 timidi,
619 2189 864 2282 pusillanimes
888 2203 923 2258 et
945 2187 1066 2256 omnia

101 2287 290 2372 tolerantess
337 2291 373 2363 in
396 2289 560 2382 imperiis
583 2317 669 2362 vero
693 2293 847 2363 animosi
870 2303 904 2361 et
928 2289 1068 2381 magni-

90 2389 147 2476 tet,
171 2405 201 2462 et
218 2393 285 2462 viri
297 2393 420 2486 plures
436 2417 565 2465 uxores
579 2389 730 2484 habent,
757 2411 791 2465 et
807 2395 960 2464 feminae
976 2394 1068 2462 mul-

89 2505 132 2564 tos
153 2497 262 2580 viros,
299 2497 411 2590 proni
433 2499 601 2568 feruntur
625 2501 669 2566 ad
691 2499 877 2583 libidines,
919 2509 954 2565 et
986 2521 1066 2566 cum

90 2601 248 2671 sororibus
269 2599 569 2671 consuetudinem
588 2595 741 2686 habent,
775 2615 810 2672 et
831 2601 868 2670 in
888 2599 1067 2692 gignendo

86 2723 191 2794 magna
207 2716 262 2774 est
277 2703 446 2772 virorum
465 2703 647 2795 potentia,
675 2717 709 2774 et
731 2705 770 2773 in
792 2715 966 2797 conceptu
991 2727 1068 2772 ma-

83 2827 137 2894 gna
157 2806 355 2877 mulierum
380 2807 623 2892 foecunditas,
657 2807 874 2880 conveniens
898 2807 973 2877 eius
998 2819 1069 2876 ter·

81 2931 129 2978 rae
145 2911 314 2981 ubertati.
387 2909 498 2979 Multi
518 2924 637 2980 autem
663 2911 733 2980 viri
755 2911 877 3004 ignavi
899 2922 1002 2997 sunt,
1034 2921 1070 2978 et

78 3013 285 3084 effoeminati
303 3013 458 3092 animis;
491 3011 602 3109 aliqui
620 3027 655 3084 ct
672 3027 792 3107 partes
815 3015 987 3108 genitales
1010 3036 1069 3082 ex-

81 3115 214 3187 cindnnt
234 3129 394 3210 propter
414 3117 659 3189 maleficorum
686 3117 913 3210 planetarum
944 3131 980 3188 et
1000 3117 1070 3186 Ve-

82 3219 168 3292 neris
181 3219 427 3315 vespertinum
440 3221 610 3313 positum.

168 3357 220 3430 Ex
233 3357 294 3430 his
309 3357 478 3452 gentibus
493 3383 579 3430 vern
596 3359 805 3456 Cyrenaici,
829 3355 1069 3428 Marmaricae

77 3471 107 3528 et
120 3461 300 3534 inferioris
314 3461 472 3556 Aegypti
486 3463 643 3548 incolae,
670 3464 909 3536 Geminorum
928 3475 962 3531 et
974 3461 1069 3532 Mer-

76 3565 158 3633 curii
171 3579 344 3638 naturam
362 3567 533 3638 referunt.
582 3565 740 3662 Ideoque
755 3579 839 3639 sunt
860 3566 1069 3660 cogitantes,

76 3665 309 3762 intelligentes
325 3693 367 3738 ac
379 3693 536 3760 sagaces,
556 3669 594 3739 in
610 3671 778 3742 omnibus
793 3671 899 3741 rebus
917 3685 952 3738 et
966 3695 1070 3762 prac-

74 3769 172 3862 cipue
184 3773 225 3842 in
242 3771 420 3864 sapientia
440 3785 475 3842 et
491 3773 622 3845 divinis
638 3777 762 3858 rebus,
789 3771 937 3864 magici,
964 3785 999 3843 et
1013 3797 1070 3843 ar·

73 3897 159 3944 cana
180 3899 282 3946 saera
306 3887 529 3960 exercentes,
564 3890 599 3948 et
620 3877 775 3948 maxime
799 3876 1067 3968 disciplinarum

75 3999 232 4066 capaces.
279 3973 470 4048 Thebaida
492 3979 555 4074 qui
578 3993 701 4051 tenent
724 3993 759 4050 et
776 3977 900 4051 Oasim
927 3994 962 4052 et
976 3979 1070 4050 Tro·

74 4077 297 4172 glodyticeu,
322 4082 371 4150 ad
389 4079 523 4152 Librae
548 4095 583 4153 et
596 4071 747 4155 Venerii
769 4097 936 4156 naturam
961 4084 1071 4177 perti-

71 4195 182 4262 nent;
208 4183 288 4256 ideo
305 4185 414 4258 calidi
438 4199 542 4270 sunt,
569 4187 741 4274 mobiles,
769 4201 805 4260 et
826 4187 1070 4280 voluptatibus

71 4287 196 4358 dediti.
260 4289 419 4372 Arabes,
461 4289 593 4375 Azoni,
632 4289 826 4386 Aethiopes
852 4291 980 4374 medii,
1024 4294 1069 4362 ad

71 4389 224 4484 Aquarii
250 4403 285 4460 et
297 4390 446 4462 Saturni
470 4407 637 4466 naturam
659 4397 856 4486 pertinent;
889 4393 970 4463 ideo
993 4419 1070 4476 car-

70 4491 174 4566 ndros
189 4507 226 4564 et
242 4493 401 4586 piscibus
422 4497 535 4590 magis
557 4511 766 4582 vescuntur,
800 4509 836 4566 et
856 4510 940 4567 sunt
963 4521 1071 4590 vaga-

67 4593 203 4682 bundi,
231 4610 409 4690 agrestem
425 4614 461 4670 et
477 4598 788 4709 beluinamfivitam
805 4613 959 4692 agentes.

170 4733 358 4806 Hactenus
375 4737 524 4828 exposui
542 4736 582 4812 in
601 4759 751 4828 genere,
771 4741 876 4830 'qnae
896 4735 942 4806 sit
966 4731 1072 4804 fami-

66 4835 205 4910 liaritas
221 4838 453 4930 planetarum
469 4853 505 4910 et
519 4839 703 4932 signorum
721 4863 800 4910 cum
817 4839 966 4930 singulis
986 4861 1071 4928 gen·

70 4941 186 5026 tibus,
217 4955 254 5012 et
270 4965 365 5036 quae
380 4942 464 5014 inde
482 4943 901 5035 proprietates'existant.
952 4941 1071 5022 Nune,

66 5059 219 5139 propter
234 5045 435 5118 faciliorem
452 5071 579 5130 usum,
605 5048 652 5127 ad
668 5046 807 5138 singula
831 5045 931 5136 signa
955 5055 1070 5116 certas

67 5163 192 5238 gentes
209 5149 517 5234 accommodabo,
543 5145 613 5222 hoc
627 5151 752 5222 modo.

100 5415 151 5483 20)
169 5417 349 5485 cyrum
365 5415 409 5469 sio
425 5416 588 5482 unp-rm
600 5408 911 5483 =Ptot.1n(rqrataeq'3
928 5417 981 5474 rt.
992 5415 1069 5474 ΙΝ.

135 5501 237 5544 eccere
254 5493 391 5555 symm
416 5486 533 5551 cyra

2062 229 2115 306 46

1205 411 1403 480 Admonitio
1427 409 1468 477 de
1491 408 1757 495 portiorlarinm
1781 409 2022 496 praedictione.

1216 543 1282 615 His
1301 541 1489 636 expositis,
1515 539 1599 614 huic
1623 545 1718 635 parti
1741 539 1829 616 haec
1855 543 2002 634 adiungi
2027 543 2115 612 utile

1117 658 1180 718 est.
1230 646 1402 716 Fixarum
1425 645 1519 716 enim
1538 647 1719 716 stellarum
1737 647 1898 740 singulae
1914 645 1984 716 illis
1998 645 2116 736 regio-

1116 750 1222 820 nibus
1245 751 1466 842 significant,
1499 749 1629 844 quibus
1651 763 1686 818 et
1702 748 1849 821 Zodiaci
1870 761 1989 843 partes
2014 747 2115 818 attri-

1115 853 1224 922 butae
1240 866 1354 938 sum,
1369 853 1507 921 vicinae
1525 848 1579 922 his
1596 848 1725 939 stellis,
1759 853 2038 946 adspicientibus
2055 877 2115 922 eas

1116 955 1300 1046 regiones,
1327 957 1474 1025 inducto
1492 981 1556 1047 per
1572 958 1724 1030 eundem
1740 957 1864 1050 polum
1891 957 2047 1040 circulo,
2080 965 2117 1025 et

1116 1069 1307 1149 propterea
1341 1057 1591 1150 cognationem
1626 1047 1841 1132 habentibus
1871 1083 1951 1130 cum
1982 1059 2026 1129 iis
2047 1057 2115 1128 Zo-

1117 1161 1210 1232 diaci
1228 1161 1402 1252 partibus.

1219 1281 1426 1374 Praecipuis
1445 1305 1531 1349 vero
1549 1280 1698 1352 urbibus
1717 1305 1756 1352 ea
1776 1281 1853 1350 loca
1872 1281 2019 1350 Zodiaci
2040 1305 2115 1350 ma-

1117 1381 1211 1450 xime
1236 1383 1455 1476 signifrcant,
1495 1383 1533 1452 in
1562 1384 1690 1478 quihus
1717 1383 1779 1454 Sol
1810 1397 1844 1454 et
1867 1383 1993 1470 Luna,
2035 1409 2115 1454 curn
2167 1371 2176 1384 ’

1118 1483 1218 1552 initia
1245 1499 1361 1556 essent
1384 1487 1617 1557 extractionis
1644 1513 1788 1572 earum,
1820 1491 1985 1572 fuerunt,
2019 1501 2059 1558 ut
2079 1485 2117 1556 in

1118 1589 1237 1676 genesi
1255 1602 1289 1657 et
1306 1615 1347 1659 ex
1363 1589 1569 1660 cardinibus
1586 1587 1822 1684 horoscopus.
1875 1591 2038 1685 Quarum
2054 1616 2116 1660 au·

1118 1701 1188 1758 tem
1207 1704 1371 1784 tempora
1391 1693 1653 1764 extructionum
1671 1719 1746 1763 non
1762 1695 2010 1786 reperiuntur,
2044 1719 2117 1762 rue-

1118 1793 1218 1862 dium
1242 1796 1332 1863 coeli
1357 1799 1543 1886 geniturae
1565 1796 1769 1888 principum
1793 1811 1855 1866 aut
1878 1823 2002 1887 regum
2028 1822 2118 1896 quo-

1118 1895 1205 1965 libet
1226 1907 1389 1989 tempore
1411 1911 1586 1970 sumatur.
1643 1897 1730 1970 lude
1753 1901 1958 1971 summatim
1981 1897 2118 1991 pertexi

1118 2000 1382 2090 praedictiones
1406 2014 1599 2093 poterunt,
1634 2003 1825 2096 praecipue
1852 2007 1895 2073 de
1919 2001 2117 2094 insignibus

1120 2101 1361 2174 accidentibus
1378 2103 1628 2175 universarum
1648 2107 1858 2198 regionum,
1884 2120 1946 2178 aut
1962 2107 2119 2190 urbium,

1121 2205 1220 2274 cuius
1237 2207 1536 2278 considerationis
1550 2211 1680 2280 modus
1697 2211 1766 2278 erit
1781 2211 1874 2281 talis.

1178 2369 1185 2376 ·
1223 2341 1345 2411 Prima
1371 2356 1407 2412 et
1428 2343 1678 2414 efficacissima
1712 2370 1816 2416 causa
1854 2346 1979 2416 talium
2012 2369 2118 2414 evcn-

1120 2455 1242 2528 tuum,
1270 2457 1323 2516 est
1340 2447 1522 2538 copulatio
1540 2445 1634 2516 Solis
1652 2459 1687 2516 et
1700 2445 1826 2518 Lunae
1850 2447 1888 2516 in
1912 2447 2118 2532 defectibus,

1120 2560 1156 2617 et
1170 2547 1355 2618 stellarum
1373 2575 1416 2618 eo
1432 2563 1595 2642 tempore
1611 2551 1793 2622 transitus.

1222 2685 1386 2758 Primum
1403 2700 1523 2758 autem
1538 2690 1639 2762 locus
1653 2688 1866 2758 indicandus
1879 2700 1950 2772 est,
1983 2686 2041 2758 cn'i
2063 2711 2120 2758 re-

1120 2786 1221 2886 gioni
1235 2801 1297 2860 aut
1309 2790 1391 2860 urbi
1408 2790 1502 2861 Solis
1519 2806 1582 2862 aut
1598 2791 1725 2864 Lunae
1742 2793 1919 2874 delectus,
1953 2803 2014 2862 ant
2037 2791 2119 2862 stel-

1119 2891 1238 3070 larqm
1271 2892 1438 2978 Saturni,
1483 2891 1579 2970 lovis
1609 2910 1646 2968 et
1672 2895 1801 2966 Martis
1832 2895 2003 2968 stationes
2035 2919 2120 2988 por·

1120 3007 1181 3068 ten
1209 3009 1283 3068 ant.

1223 3132 1406 3215 Secundo,
1434 3144 1577 3224 tempus
1601 3133 1833 3204 indicandum
1859 3146 1932 3218 est,
1971 3137 2118 3228 quando

1121 3247 1182 3304 aut
1197 3236 1371 3330 quamdiu
1388 3236 1556 3306 duraturi
1571 3237 1643 3306 sint
1657 3249 1818 3308 eventus.

1223 3372 1372 3458 Tertio,
1406 3397 1517 3466 genus
1541 3388 1752 3446 eventuum:
1793 3387 1854 3458 ut,
1887 3377 2046 3446 famesne
2073 3399 2120 3444 an

1120 3473 1212 3544 bella
1231 3475 1489 3567 significentur.

1224 3615 1386 3707 Quarto,
1413 3613 1565 3708 species,
1589 3615 1669 3710 quis
1690 3613 1737 3686 sit
1759 3615 1888 3686 modus
1908 3628 2119 3686 eventuum:

1122 3729 1181 3802 ut,
1205 3717 1270 3814 qui
1284 3717 1357 3790 sint
1371 3717 1483 3788 futuri
1499 3717 1664 3792 victores.

1145 3929 1201 3998 De
1226 3929 1495 3998 consideratione
1519 3927 1712 4016 reqionum,
1745 3927 1791 3996 cul
1815 3949 1898 4020 qnos
1920 3927 2094 4014 per-tinent

1546 4025 1696 4118 areas..

1223 4181 1388 4254 Primum
1421 4185 1464 4254 de
1493 4183 1574 4254 loco
1602 4183 1844 4254 coniecturam
1865 4181 1914 4250 ita
1936 4179 2119 4254 faciemus.

1121 4281 1162 4354 ln
1189 4286 1384 4358 defectibus
1406 4287 1499 4358 Solis
1529 4299 1565 4356 et
1585 4283 1712 4358 Lunae
1741 4285 1898 4356 maxime
1920 4283 2119 4376 insignibus

1123 4388 1428 4462 considerabltnus
1447 4391 1566 4460 locum
1583 4389 1752 4474 Zodiaei,
1786 4389 1823 4458 in
1839 4413 1912 4482 quo
1927 4388 1996 4460 fnit
2011 4389 2123 4458 lumi·

1122 4493 1400 4576 sendelenus,
1427 4505 1464 4562 et
1483 4493 1648 4586 regiones
1673 4493 1705 4562 ei
1730 4493 1812 4564 loco
1835 4491 1933 4562 iuxta
1957 4490 2120 4583 trigono*

1122 4617 1203 4664 rum
1235 4595 1523 4666 distributionem
1558 4597 1770 4674 familiarem
1813 4607 1848 4665 et
1885 4619 1978 4690 quae
2010 4597 2121 4668 urbes

1123 4710 1271 4790 propter
1287 4693 1528 4789 horoscopum
1545 4697 1584 4768 in
1606 4699 1847 4782 extructione‚
1882 4710 1946 4768 aut
1967 4711 2118 4792 propter

1121 4801 1239 4870 locum
1252 4854 1263 4884 ,
1277 4825 1395 4895 quem
1419 4821 1462 4869 eo
1479 4812 1641 4892 tempore
1661 4801 1797 4874 lumina
1817 4811 2030 4884 tenuerunt,
2055 4813 2119 4872 aut

1122 4916 1271 4995 propter
1286 4903 1443 4972 medium
1467 4903 1557 4972 coeli
1580 4903 1619 4974 in
1641 4903 1890 4974 nativitatibus
1910 4901 2116 4996 principum

1121 5029 1245 5078 earum
1260 5006 1450 5097 regionum
1466 5005 1746 5078 familiaritatem
1765 5003 1912 5090 habeut,
1937 5029 2019 5076 cnm
2033 5007 2119 5078 loeo

1121 5110 1291 5182 desectus.

1220 5245 1321 5339 Quas
1338 5257 1456 5316 autem
1470 5243 1634 5337 regiones
1651 5258 1714 5316 ant
1727 5247 1834 5318 urbes
1848 5245 1898 5316 ita
1919 5265 2120 5338 congruere

1120 5373 1201 5419 cnm
1227 5349 1308 5421 loco
1332 5347 1489 5422 defectus
1511 5347 1731 5433 videbimus,
1766 5351 1812 5420 ad
1835 5345 1900 5420 has
1921 5369 2051 5441 magne
2073 5367 2118 5419 ex

1120 5465 1223 5546 parte
1245 5463 1394 5524 eventus
1415 5452 1596 5544 pertinere
1617 5450 1875 5537 iudicabimus,
1908 5452 2064 5522 maxime
2086 5447 2125 5524 si
