4794 6124
289 239 340 320 15

286 416 419 492 iudicia
434 417 477 486 de
499 435 580 483 aere
602 406 696 484 hanc
712 408 827 502 ipsam
844 409 890 480 ob
907 431 1070 494 causam,
1096 410 1195 504 quod
1213 434 1289 482 non

880 232 1006 310 rau..
1034 229 1151 308 uun.
1183 175 1390 310 scurras
1418 233 1760 312 rruuorocmt.

2286 242 2333 312 16

1342 409 1523 498 oriuntur,
1540 425 1728 506 quaesunt
1743 411 1943 504 primordia
1956 410 2166 482 facultatum
2182 423 2218 478 et
2231 412 2331 478 aetio·
2381 431 2382 492 t

286 525 440 594 redeunt
454 517 588 590 similes
605 527 744 598 motus,
768 511 909 585 etiamsi
924 537 1021 584 nunc
1038 512 1082 581 de
1105 509 1185 582 aliis
1206 535 1289 582 cau·
1339 535 1427 580 num
1445 515 1607 605 corporis
1624 524 1659 582 et
1680 513 1814 598 animi,
1847 525 1882 582 et
1905 513 2009 584 certis
2034 525 2238 606 temporum
2260 539 2331 582 mo·
2381 599 2382 606 ἵ

286 628 334 701 sis
350 622 574 696 variantibus
591 643 710 690 aerem
729 641 805 688 uon
821 615 951 686 dicam.

1340 616 1471 688 mentis
1485 615 1668 688 venientes
1685 618 1845 688 adlectus
1867 629 1931 687 aut
1943 616 2083 704 morbi,
2107 629 2143 688 et
2158 617 2331 707 longaevi-

390 727 500 822 Quod
514 748 601 796 vero
617 724 665 792 ad
677 715 899 814 genethliaca
919 717 1068 802 attinet,
1100 730 1135 786 et
1156 714 1288 788 iudicia
1340 730 1395 790 tas
1412 744 1452 788 ac
1469 719 1563 790 vitae
1578 719 1755 804 brevitas,
1781 733 1817 792 et
1830 719 1902 788 alia
1921 723 2099 816 quaedam
2117 733 2259 792 externa
2275 724 2335 790 ad·

187 817 193 832 ’
286 836 330 904 de
347 831 571 924 singulorum
589 824 902 918 temperamentis,
935 822 1047 893 multa
1068 831 1290 891 concurrunt

287 937 377 1024 alia,
404 959 497 1030 quae
513 932 704 1028 qualitates
722 929 760 998 in
777 927 897 998 mixtis
911 925 1067 996 variant.

388 1039 554 1110 Primum
582 1035 679 1106 enim
703 1033 891 1104 diversitas
912 1029 1078 1112 seminis,
1120 1029 1165 1097 ad
1186 1050 1288 1100 suam

287 1144 459 1238 cuiusque
477 1136 720 1234 generationis
742 1149 933 1220 naturam,
960 1131 1192 1226 praecipuam
1216 1129 1289 1198 vim

287 1249 445 1332 confert,
480 1246 642 1340 adeoque
665 1240 895 1326 dominatur,
935 1250 976 1308 ut
1000 1237 1038 1304 in
1058 1236 1186 1306 eodem
1209 1257 1290 1302 aere

287 1366 323 1425 et
345 1347 555 1434 horizonte,
596 1360 721 1418 tamen
742 1343 880 1436 singula
908 1339 1046 1412 semina
1071 1339 1127 1408 sui
1151 1337 1291 1430 generis

287 1453 487 1528 animantia
519 1453 687 1546 gignant,
720 1445 922 1520 humanum
943 1440 1152 1527 hominem,
1190 1439 1292 1536 equi·

285 1583 374 1636 num
390 1581 536 1653 equum.
679 1559 684 1572 '

371 1661 513 1734 Deinde
528 1656 717 1752 regionum
731 1651 921 1726 diversitas
936 1673 1012 1720 non
1027 1647 1153 1740 exigua
1168 1643 1293 1716 discri-

286 1767 389 1840 mina
417 1765 458 1836 in
485 1759 716 1834 nascentibus
746 1757 872 1840 efficit,
913 1755 1022 1826 etiam
1053 1777 1135 1823 cum
1166 1749 1292 1819 eadem

1342 821 1502 892 iumenta
1525 836 1588 894 aut
1611 823 1827 894 detrimenta
1852 823 2065 916 praecipua,
2102 823 2257 894 naturali
2277 850 2333 893 or-

1342 925 1426 996 dine
1457 928 1687 998 naseentibus
1714 925 1899 1020 copulata:
1940 939 1981 1010 ut
2006 951 2087 998 curn
2112 953 2259 1022 corpore
2279 954 2334 1002 res

1342 1030 1531 1102 familiaris
1557 1043 1592 1100 et
1615 1029 1821 1116 convietus,
1856 1053 1936 1098 cum
1968 1029 2089 1103 anima
2122 1027 2273 1102 honores
2301 1045 2335 1102 et

1343 1134 1518 1224 dignitas,
1573 1146 1609 1202 et
1640 1129 1772 1204 horum
1806 1130 2025 1204 mutationes
2063 1157 2131 1226 pro
2171 1147 2335 1227 tempore.

1342 1236 1448 1308 Nunc
1469 1239 1513 1306 de
1537 1237 1714 1324 utilitate,
1746 1247 1787 1308 ut
1808 1233 2038 1330 propositum
2056 1237 2145 1320 fuit,
2178 1239 2332 1310 dicemus.
2382 1240 2383 1268 ¹

1343 1339 1412 1410 Sed
1435 1340 1535 1432 prius
1558 1341 1847 1412 constituendum
1871 1352 1942 1422 est,
1976 1339 2064 1434 quid
2085 1341 2175 1410 utile
2198 1341 2335 1411 velimus
2382 1399 2383 1406 ,

1344 1443 1515 1536 intelligi,
1542 1446 1638 1514 etad
1656 1469 1763 1539 quem
1781 1444 1889 1514 linem
1906 1441 2046 1514 referri.

1447 1547 1486 1618 Si
1502 1546 1599 1620 enim
1615 1548 1730 1618 animi
1750 1549 1846 1618 bona
1873 1544 2135 1642 spectabimus,
2169 1547 2253 1642 quid
2273 1547 2339 1618 erit

1345 1651 1541 1742 optabilius
1556 1654 1603 1722 ad
1618 1651 1930 1748 tranquillitatem,
1953 1649 2126 1742 gaudium
2141 1662 2178 1722 et
2192 1651 2340 1722 oblecta-

1346 1755 1505 1840 tionem,
1531 1757 1726 1828 multarum
1745 1781 1865 1828 rerum
1885 1751 2130 1826 humanarum
2147 1767 2184 1825 ct
2206 1757 2339 1826 divina-

288 1883 373 1945 sunl
386 1867 543 1952 semina,
573 1877 616 1938 ul
630 1861 844 1946 hminum,
870 1871 906 1929 θῑ
921 1883 1003 1930 cum
1020 1851 1186 1951 e³d²m³)
1203 1851 1295 1923 coeli
1345 1883 1427 1930 rum
1444 1857 1759 1932 consideratione?
1811 1857 1850 1928 Si
1866 1883 1952 1930 vero
1968 1859 2012 1928 ad
2029 1857 2192 1952 corporis
2214 1862 2341 1930 utilita-

288 1973 499 2047 eoustitutio
522 1981 594 2055 est,
628 1983 751 2038 tamen
772 1987 904 2057 magna
931 1974 984 2034 est
1005 1960 1044 2030 in
1065 1956 1217 2028 diversis
1239 1979 1295 2026 re·
1346 1975 1418 2032 tem
1442 1962 1673 2056 respicimus,
1700 1959 1788 2034 haec
1815 1963 1978 2032 doctrina
2003 1961 2118 2056 magis
2138 1987 2246 2058 quam
2270 1965 2341 2034 ulla

289 2077 457 2174 gionibus
488 2073 765 2155 dissimilitudo,
804 2067 903 2164 quod
935 2067 981 2136 ad
1007 2086 1161 2155 corpora
1187 2072 1223 2130 et
1249 2060 1295 2128 ad
1347 2065 1416 2136 alia
1436 2069 1613 2152 ostendit,
1640 2067 1728 2162 quid
1745 2065 1917 2162 cuiusque
1935 2065 2186 2138 constitutioni
2202 2079 2236 2140 et
2257 2083 2342 2140 tem·

289 2183 432 2254 animos
457 2179 598 2250 attinet.
656 2174 823 2269 Denique
845 2169 954 2241 etiam
979 2193 1059 2240 eum
1084 2165 1167 2250 illa,
1200 2186 1295 2259 quae
1347 2183 1558 2264 peramenro
1573 2171 1764 2263 proprium
1781 2169 1847 2256 eir,
1875 2170 2155 2244 erconveniem,

289 2287 363 2357 iam
379 2284 473 2368 dixi,
500 2281 603 2377 paria
620 2291 724 2364 sunt,
750 2291 875 2348 tamen
899 2273 1131 2344 educationes
1152 2279 1188 2338 et
1210 2291 1295 2336 con·
1449 2274 1561 2368 Quod
1582 2298 1668 2346 veto
1689 2299 1765 2346 non
1785 2273 1953 2346 conducit
1973 2275 2019 2344 ad
2042 2299 2128 2369 opes
2155 2279 2340 2369 augendas,
2383 2309 2384 2322 .

289 2387 496 2464 suetudines
534 2382 744 2458 discrimina
780 2379 919 2450 iaciunt
955 2375 994 2446 in
1029 2385 1133 2469 parte
1172 2370 1294 2467 aliqua
1347 2389 1411 2448 aut
1428 2379 1475 2448 ad
1497 2381 1767 2474 consequendos
1789 2373 1966 2462 honores,
1996 2403 2187 2452 commune
2210 2381 2337 2448 crimen

288 2489 586 2589 temperamenti,
620 2501 684 2560 aut
700 2509 865 2568 morum,
896 2493 959 2552 aut
974 2503 1134 2556 casuum.
1348 2493 1400 2554 est
1415 2475 1501 2552 huic
1515 2482 1612 2575 parti
1628 2508 1709 2554 cum
1724 2496 1798 2554 tota
1817 2477 2067 2575 philosophia,
2094 2505 2204 2578 quae,
2230 2503 2339 2572 quan-

392 2596 471 2668 Etsi
494 2593 606 2686 igitur
627 2592 681 2664 vis
703 2587 862 2660 maxima
886 2597 939 2656 est
962 2579 1170 2654 circumfusi
1191 2575 1296 2662 coeli,
1347 2597 1425 2656 tum
1445 2585 1485 2656 in
1510 2586 1588 2678 ipsa
1614 2599 1685 2672 est,
1717 2587 1843 2658 talium
1867 2587 2049 2658 bonorum
2070 2609 2145 2658 110„
2167 2595 2219 2654 ese
2237 2583 2343 2672 largi.

289 2726 401 2798 aquo
416 2713 452 2770 et
466 2710 625 2781 caetera,
652 2719 745 2790 quae
768 2690 943 2774 diximus,
973 2711 1077 2760 suam
1098 2684 1175 2754 Vim
1199 2707 1295 2754 sum·
1349 2689 1685 2762 trixauteffectrix.
1736 2690 1806 2762 Sed
1829 2703 1869 2761 ut
1892 2714 2009 2787 neque
2034 2685 2127 2760 hanc
2149 2699 2343 2779 propterea

289 2817 458 2900 pserunt,
483 2825 564 2872 tum
590 2801 667 2892 59⁵³
689 2797 790 2870 20010
813 2789 906 2881 nihil
931 2793 1138 2863 conferant:
1173 2799 1297 2856 lamen
1348 2795 1583 2878 damnamus,
1604 2793 1654 2862 ita
1667 2817 1734 2864 nec
1749 2805 1908 2866 nostram
1924 2793 2108 2868 seientiam
2124 2788 2349 2876 abiiciemus,

288 2908 359 2980 nisi
388 2906 469 3004 quis
501 2927 543 2975 ea
574 2928 655 2975 cum
681 2899 891 2974 coelestibus
915 2895 1031 2968 causis
1055 2891 1297 2974 coniunxerit,
1349 2922 1430 2968 cum
1446 2897 1595 2992 quidem
1610 2897 1698 2969 alias
1715 2898 1868 2970 maiores
1883 2899 2053 2969 utilitates
2070 2897 2222 2966 adterat.

289 3037 395 3106 saepe
421 3008 577 3094 errabit,
616 3009 648 3080 si
676 3008 774 3078 volet
803 3025 929 3074 omnes
961 2995 1242 3092 significationes
1275 3017 1297 3062 a
1455 3001 1629 3096 Quivero
1647 3001 1941 3099 eam⁴)inufileffl
1957 3027 2032 3074 em
2048 3001 2283 3080 contendunt,
2309 2993 2356 3066 hi

290 3117 379 3188 coeli
402 3127 506 3186 motu
530 3135 692 3196 sumere,
725 3108 834 3182 etiam
860 3129 940 3190 eas,
975 3127 1069 3199 quae
1092 3125 1169 3171 non
1193 3123 1298 3191 pror·
1349 3105 1510 3176 nonalia
1529 3103 1631 3196 gravi
1646 3129 1750 3178 causa
1766 3107 1903 3178 moveri
1918 3132 1956 3178 se
1979 3105 2123 3190 dieunt,
2157 3101 2227 3174 nisi
2248 3103 2358 3170 saladi

289 3247 349 3295 sus
373 3245 393 3290 a
418 3218 518 3289 coelo
535 3218 708 3309 pendent·
767 3213 865 3282 Haec
887 3235 968 3281 cum
993 3208 1044 3278 ita
1066 3231 1102 3278 ⁸⁰
1125 3199 1298 3286 habeam,
1349 3209 1570 3282 necessitate.
1621 3208 1774 3282 Videtur
1790 3211 1884 3282 enim
1902 3231 2185 3303 supervacmrm,
2209 3205 2385 3300 praevi-¹

290 3325 357 3398 etsi
380 3322 563 3394 interdum
586 3320 717 3390 fallunt
741 3315 1027 3410 praedictiones,
1068 3319 1299 3380 nontamen
1351 3316 1436 3384 dere
1468 3337 1532 3396 ea,
1571 3311 1701 3406 quibus
1729 3339 1915 3386 occurrere
1944 3313 2151 3406 diligentia,
2191 3323 2227 3380 er
2257 3336 2361 3403 quae

289 3454 348 3502 ars
365 3440 440 3498 tota
459 3426 664 3496 damnanda
681 3434 745 3494 est.
796 3419 849 3490 Ut
863 3441 981 3512 neque
997 3410 1226 3506 gubernandi
1241 3433 1299 3480 ar·
1352 3430 1429 3488 arte
1445 3417 1559 3502 vitare
1574 3439 1649 3486 non
1663 3442 1862 3508 possumus.
1920 3417 1991 3490 Sed
2009 3418 2047 3490 id
2064 3439 2208 3516 quoque
2224 3413 2361 3485 incon.

1352 3521 1504 3592 siderate
1531 3519 1672 3590 dicitur.

288 3548 363 3604 tem
378 3530 582 3614 relicimur,
609 3524 751 3598 etiamsi
766 3547 871 3615 saepe
889 3523 982 3591 liunt
996 3516 1205 3607 naufragia;
1237 3514 1301 3584 sed

289 3640 392 3714 dccet
409 3658 497 3718 nos,
531 3645 572 3704 ut
589 3632 628 3703 in
642 3642 744 3702 tanta
761 3641 796 3698 et
812 3625 935 3698 divina
953 3620 1179 3717 professione
1195 3629 1299 3708 grato

288 3742 411 3813 animo
429 3735 599 3832 amplecti
613 3747 777 3818 tanturn,
804 3741 982 3827 quantum
1006 3721 1150 3819 assequi
1176 3745 1301 3814 possu-

287 3871 390 3931 mus,
425 3867 492 3914 uec
516 3840 701 3934 postulare
725 3839 769 3908 de
792 3833 962 3906 omnibus
985 3831 1095 3900 rebus
1116 3824 1300 3898 certitudi-

288 3975 395 4033 nem,
421 3960 597 4041 tanquam
614 3945 660 4014 ab
681 3954 758 4012 arte
782 3939 926 4033 penitus
949 3928 1211 4026 comprehensa
1234 3927 1299 4000 ho-

290 4053 430 4124 minum
447 4049 660 4142 sagacitate;
688 4047 751 4118 sed
768 4065 900 4114 ornare
917 4064 998 4110 eam
1016 4051 1052 4108 ct
1068 4037 1219 4106 reddere
1243 4033 1299 4103 in-

290 4153 519 4228 structiorem
537 4153 581 4224 iis
598 4147 835 4230 coniecturis,
869 4168 963 4240 quae
987 4142 1132 4212 aliunde
1155 4161 1298 4212 sumen·

291 4263 358 4330 dae
376 4269 477 4338 sunt;
503 4269 615 4350 utque
631 4251 781 4324 medicis
795 4273 873 4320 non
889 4247 1063 4319 vertimus
1080 4244 1189 4330 vitio,
1215 4267 1297 4312 cum

165 4441 170 4450 ,
291 4367 336 4434 de
352 4362 482 4434 morbo
499 4357 721 4460 aegrotantis
736 4369 772 4426 et
789 4355 834 4424 de
850 4352 926 4424 eins
941 4363 1090 4434 natura,
1118 4347 1296 4444 quaedam

291 4467 537 4544 sciscitantem
566 4462 616 4532 ita
633 4475 669 4532 et
691 4457 752 4530 hic
775 4479 853 4529 non
874 4450 1209 4548 reprehendendum
1232 4463 1297 4534 est,

292 4572 409 4665 siqua
430 4571 475 4640 de
490 4564 718 4658 regionibus,
745 4584 893 4654 genere,
920 4559 1100 4644 moribus,
1135 4569 1198 4628 aut
1218 4555 1298 4626 aliis

293 4671 537 4746 accidentibus
552 4667 772 4764 requirenda
789 4689 864 4738 esse
882 4663 1053 4736 dicemus.

319 4851 416 4940 Quod
436 4849 484 4918 ait
506 4841 785 4914 ultramarina
807 4839 847 4907 de
870 4835 1038 4928 effectibus
1059 4815 1264 4908 coelestibus.

400 4985 519 5076 Supra
536 4977 695 5050 breviter
710 4976 868 5069 exposui,
884 4975 1090 5068 possibilem
1106 5000 1179 5046 esse
1194 4999 1297 5070 prae·

294 5087 491 5160 dictionem
525 5108 569 5152 ex
599 5093 780 5154 astrorum
802 5080 960 5151 motibus
980 5103 1022 5148 ac
1047 5091 1175 5148 natura
1199 5106 1296 5150 sum-

294 5205 394 5286 ptam
406 5191 425 5275 ,’
442 5201 477 5259 et
493 5187 593 5282 quod
609 5186 655 5254 ad
670 5184 864 5256 accidentia
882 5182 993 5267 aeris,
1020 5205 1060 5251 ac
1080 5185 1126 5252 ad
1150 5208 1209 5256 eas
1231 5179 1299 5252 bo·

294 5293 436 5366 minum
467 5288 722 5383 dispositiones
752 5290 953 5382 pertineat,
1001 5311 1093 5379 quae
1133 5289 1178 5357 ab
1212 5313 1296 5358 aere

329 5533 364 5594 6)
382 5533 495 5592 eaden]
514 5530 565 5582 ut.
582 5530 660 5584 1666.
679 5540 776 5584 amore
793 5531 922 5595 cynges
949 5527 1054 5580 eodem.

1455 3623 1618 3696 Primum
1637 3621 1732 3694 enim
1758 3621 1796 3692 in
1814 3620 1888 3710 his,
1921 3653 2014 3724 quae
2036 3623 2235 3700 necessario
2259 3625 2364 3692 acci-

1352 3727 1463 3812 dunt,
1485 3725 1689 3817 ignorantia
1706 3727 1743 3796 in
1760 3751 1798 3798 re
1816 3731 1932 3802 subita
1958 3747 1994 3804 et
2014 3729 2229 3824 improvisa,
2265 3751 2366 3796 con-

1351 3829 1589 3902 sternationes
1620 3831 1825 3902 animorum
1855 3837 2011 3910 maiores
2032 3849 2076 3914 ,et
2094 3833 2369 3904 immoderatas

1351 3935 1505 4007 laetitias
1521 3935 1636 4008 elficit.
1689 3936 1876 4010 Praevisio
1894 3967 1980 4012 vero
1998 3937 2195 4012 adsuefecit
2213 3947 2249 4004 et
2275 3962 2369 4004 mo-

1350 4041 1497 4110 deratur
1526 4040 1708 4127 animum,
1757 4053 1797 4114 ut
1828 4046 1874 4116 ad
1901 4058 2053 4116 ventura
2083 4067 2121 4116 se
2149 4040 2371 4126 confirmet,

1349 4142 1499 4237 perinde
1516 4169 1557 4214 ac
1571 4145 1601 4216 si
1617 4159 1733 4218 essent
1748 4150 1971 4240 praesentia,
1998 4172 2039 4218 ac
2056 4155 2249 4241 praeparat
2269 4167 2371 4230 nos,

1349 4261 1389 4318 ut
1405 4247 1544 4341 placide
1560 4261 1596 4320 et
1611 4264 1817 4323 constanter
1833 4279 1873 4323 ea
1895 4252 2125 4346 excipiamus.

1451 4350 1591 4429 Deinde
1611 4379 1676 4426 nee
1699 4355 1976 4428 existimandum
2000 4367 2071 4441 est,
2112 4346 2249 4442 singula
2283 4340 2372 4414 ho-

1348 4453 1506 4528 minibus
1523 4481 1543 4526 a
1559 4459 1702 4530 coelesti
1717 4483 1821 4532 causa
1839 4461 2020 4545 accidere,
2046 4472 2221 4554 tanquam
2245 4474 2378 4541 pror-

1348 4585 1408 4632 sus
1423 4560 1468 4630 ab
1487 4559 1704 4634 immutabili
1718 4575 1753 4634 et
1769 4564 1892 4638 divino
1907 4568 2073 4646 decreto,
2099 4575 2135 4632 et
2152 4555 2256 4654 quasi
2277 4555 2378 4648 lege

1348 4665 1420 4734 lata
1437 4666 1480 4736 de
1498 4666 1665 4759 singulis,
1691 4681 1731 4742 ut
1743 4670 1944 4744 necessario
1963 4666 2152 4750 eveniant,
2178 4684 2246 4732 nec
2272 4685 2377 4750 pos·

1349 4768 1396 4840 sit
1412 4770 1482 4842 alia
1500 4795 1605 4843 causa
1623 4773 1807 4846 obsistere.
1857 4774 1953 4848 Nam
1974 4775 2050 4866 ipse
2066 4769 2211 4867 quidem
2229 4777 2375 4838 motu:

1350 4874 1509 4947 coelestis
1526 4875 1647 4946 divina
1669 4879 1825 4972 quadam
1849 4891 1885 4948 et
1907 4891 2051 4950 aeterna
2078 4875 2155 4966 lege
2181 4871 2370 4942 immuta

1348 4979 1430 5050 bilis
1456 4992 1524 5059 est;
1560 4982 1621 5050 sed
1646 4980 1816 5051 inferiora
1841 4983 1916 5052 fato
1940 4979 2101 5054 naturali
2125 4975 2376 5046 simutabit

1349 5083 1554 5166 variantur,
1597 5109 1677 5155 cum
1703 5085 1847 5178 quidem
1871 5086 2008 5180 primas
2031 5103 2155 5154 causas
2178 5081 2376 5152 mutatio

1348 5211 1436 5256 num
1453 5211 1473 5256 a
1491 5186 1592 5256 coelo
1609 5187 1805 5280 accipiant,
1838 5215 1932 5285 quac
1948 5189 2116 5260 accidunt
2131 5183 2181 5256 eis
2198 5181 2368 5256 subind

1348 5289 1452 5360 aliter
1470 5313 1535 5384 per
1552 5293 1856 5386 consequentiam.

1355 5455 1560 5466 -m

1382 5535 1414 5592 4)
1434 5533 1508 5594 eeu]
1527 5531 1556 5583 ln
1574 5531 1625 5583 tta.
1642 5530 1717 5584 1666.
1734 5533 1823 5587 deest.
