4844 6122
80 255 123 330 ss
227 245 370 324 nvn
418 206 822 324 nramaerano
846 241 1020 319 ornus
1046 235 1446 368 ouannnannn
1460 195 1744 312 manner
1776 233 1868 310 ans.
1889 231 1950 308 nr.
2056 229 2115 310 aa

1117 414 1228 510 nique
1253 411 1451 504 periculosa
1479 411 1625 482 consilia
1648 421 1844 500 struentes,
1885 419 1921 478 et
1945 409 2115 477 audacter

1118 541 1160 587 ac
1175 529 1309 586 temere
1326 515 1460 586 scelera
1474 515 1716 608 suscipientes.

82 429 218 508 amcos,
243 421 516 506 misericordes,
539 417 964 502 facilereconciliabiles,
990 440 1066 486 non

84 529 239 602 babentes
270 527 397 597 irritos
425 525 600 618 impetus,
640 523 795 618 deniqne
823 521 1068 614 voluptatibus

87 631 230 704 venereis
246 630 400 698 deditos.

178 765 214 836 ln
227 764 422 838 contrariis
438 787 525 832 vero
541 761 648 847 locis,
681 761 849 854 ignavos,
878 770 1085 840 amatores‚'
1141 781 1145 791 ’

98 871 311 952 effeminatos,
352 864 589 948 mulierosos,
635 865 800 948 timidos,
848 854 1068 954 negligentes

107 971 273 1044 distrirnm
289 971 499 1052 actionum,
525 991 659 1059 pronos
673 969 719 1038 ad
739 958 945 1050 libidinem,
978 963 1069 1033 infa-

112 1073 187 1144 miae
198 1073 424 1166 negligentes,
452 1071 633 1142 obscuros.
753 1070 756 1079 ’

358 1277 475 1346 Venus
499 1297 574 1344 eum
599 1275 788 1348 Mercurio.

181 1435 225 1502 At
239 1429 424 1500 Mercurio
439 1425 628 1498 familiaris
647 1427 685 1494 in
709 1425 795 1496 locis
818 1423 994 1508 laudatis,
1019 1421 1071 1492 ia-

99 1535 137 1606 cit
156 1535 297 1606 artifices
316 1529 550 1612 manuarios,
588 1529 784 1612 studiosos,
824 1525 1070 1596 doctrinarum

101 1661 241 1730 capaces,
272 1634 499 1727 ingeniosos,
526 1633 704 1725 poeticos,
731 1629 904 1713 musicos,
931 1629 1071 1720 elegan-

97 1741 170 1810 tiam
184 1751 360 1821 amantes,
386 1736 568 1830 placidos,
593 1735 750 1804 suaviter
762 1732 986 1814 victitantes,
1013 1731 1073 1800 de-

98 1843 243 1914 liciarum
257 1853 439 1924 amantes,
464 1833 610 1921 hilaros,
634 1835 759 1906 amieis
774 1835 876 1918 lidos,
901 1833 993 1925 pios,
1018 1833 1073 1904 in-

102 1947 294 2036 telligentes,
322 1944 465 2024 vafros,
500 1939 666 2021 solertes,
700 1940 793 2008 bene
821 1937 1074 2019 coniectantes,

102 2074 176 2118 cum
191 2045 384 2116 dexteritate
401 2043 525 2114 omnia
543 2041 731 2124 facientes,
761 2039 924 2110 celeriter
935 2037 1075 2110 discen·

110 2163 182 2228 tes,
203 2147 346 2216 discendi
357 2147 523 2240 cupidos,
549 2143 625 2214 sine
643 2147 792 2214 doctore
804 2142 918 2212 multa
936 2141 1074 2211 discen-

119 2261 180 2329 tes,
207 2251 348 2320 ardentes
367 2249 489 2320 studio
516 2247 653 2338 optima
672 2245 860 2329 imitandi,
883 2245 1076 2326 formosos,

107 2375 228 2436 como,
263 2375 402 2435 suarm,
445 2351 609 2420 moribus
627 2350 718 2420 bene
743 2347 971 2440 compositis,
1002 2359 1076 2416 stu-

103 2455 223 2538 diosos,
261 2455 426 2526 ludorum
454 2453 620 2545 cupidos,
662 2453 784 2522 dextre
809 2450 1007 2520 iudicantes
1015 2447 1076 2542 ¹⁸),

105 2557 351 2649 magnanimos,
378 2569 503 2628 cautos
523 2557 562 2624 in
577 2555 759 2639 venereis,
784 2554 980 2646 zelotypos.

182 2693 219 2765 ln
247 2693 444 2766 contrariis
470 2691 576 2776 locis,
609 2692 813 2775 invasores,
848 2691 986 2772 vafros,
1018 2689 1078 2757 de-

97 2793 227 2883 formes,
251 2797 460 2879 instabiles,
489 2793 705 2878 malevolos,
732 2795 970 2886 impostores,
1002 2803 1078 2862 tur·

95 2899 238 2985 interes,
291 2901 506 2981 mendaces,
558 2895 856 2980 calumniatores,
901 2896 1078 2988 periuros,

95 3003 171 3074 clam
191 3015 374 3076 struentes
393 3001 578 3084 fraudem,
616 3011 853 3082 veteratores,
890 3011 1077 3090 pactorum

95 3105 289 3191 violatores,
318 3105 497 3197 perfidos,
522 3128 597 3174 non
611 3101 912 3186 reconciliabiles,
937 3115 1078 3194 stupra-

98 3219 197 3293 tores,
218 3221 406 3302 comptos,
431 3205 575 3290 molles,
601 3205 764 3292 infames,
790 3203 999 3276 criminibus
1013 3227 1080 3296 pn·

93 3309 180 3383 blicis
194 3313 395 3394 obnoxios,
428 3309 560 3402 ubique
584 3333 620 3380 se
643 3309 864 3400 ingerentes,
896 3307 1077 3376 interdum

90 3437 145 3482 sua
162 3420 319 3514 quadam
336 3425 467 3482 natura
485 3411 672 3495 incitatos,
704 3411 823 3503 turpia
849 3423 1012 3503 agentes,
1045 3421 1081 3476 et

92 3519 188 3590 variis
204 3519 301 3589 vitiis
319 3517 565 3588 dedecoratos.

476 3721 689 3792 Mercurius.

187 3872 356 3944 Mercurii
370 3871 472 3942 atella
487 3872 562 3942 sola
579 3871 782 3942 dominium
800 3872 944 3942 animae
964 3881 1082 3954 nacta,

86 3977 226 4046 inlocis
240 3974 415 4062 laudatis,
439 3975 527 4044 facit
545 3974 801 4066 intelligentes,
827 3997 991 4066 sagaces,
1016 3975 1081 4044 do-

89 4077 196 4158 ciles,
217 4079 321 4147 multa
335 4077 580 4172 inquirentes,
602 4089 726 4149 acutos
745 4079 793 4146 ad
811 4077 1082 4161 inveniendum,

85 4181 202 4252 molta
236 4182 474 4275 experientes,
520 4179 815 4266 ratiocinatores,
865 4193 962 4250 recte
996 4203 1082 4252 eon-

83 4285 272 4368 iectantes,
301 4297 471 4356 naturam
495 4305 617 4354 rerum
640 4283 885 4378 inquirentes,
919 4283 1082 4376 ingenio-

82 4415 158 4474 sos,
192 4389 414 4470 imitatores,
445 4387 642 4470 beneficos,
673 4398 959 4478 computatores,
1000 4411 1080 4480 spe·

82 4495 277 4576 culativos,
302 4487 597 4576 mathematicos,
622 4490 802 4583 mysteriis
819 4489 980 4576 deditos,
1003 4513 1079 4562 non

79 4590 254 4668 babentes
269 4595 393 4664 irritos
410 4593 577 4688 impetus.

173 4731 341 4806 Econtra
364 4751 471 4812 vero,
512 4729 550 4796 in
574 4725 662 4798 locis
682 4725 861 4811 distortis,
903 4741 1080 4814 versutos,

75 4837 313 4930 praecipites,
338 4830 551 4915 obliviosos,
577 4827 749 4902 babentes
763 4831 894 4901 celeres
913 4823 1079 4924 impetus,

76 4937 184 5024 leves,
217 4935 434 5020 mutabiles,
464 4935 692 5028 propositum
716 4947 914 5018 mutantes,
946 4936 1078 5019 fatuos,
1131 4964 1135 4975 ·

74 5045 231 5114 nocendi
259 5038 428 5130 cupidos,
453 5040 599 5124 stultos,
625 5034 904 5121 hallucinantes,
929 5039 1078 5107 menda-

74 5170 143 5232 ces,
170 5144 402 5238 negligentes
417 5141 622 5213 discrimina
638 5165 758 5228 rernm
776 5153 811 5210 et
825 5165 1077 5232 personarum,

73 5247 285 5334 instabiles,
312 5247 462 5329 infidos,
496 5247 784 5328 defraudatores,
817 5243 989 5331 iniustos,
1015 5248 1076 5317 de-

118 5411 281 5426 .-.αι-

100 5491 152 5558 u)
175 5485 359 5547 sumtu]
375 5475 427 5536 lt.
441 5481 516 5537 ress.
534 5475 680 5545 corrupte:
703 5477 866 5534 ludlctecns.

1558 686 1672 755 Mna.

1191 881 1197 892 .
1224 821 1396 912 Magnum
1419 835 1506 888 vero
1527 830 1750 891 momentum
1778 811 1888 888 babet
1903 815 2029 888 Lernae
2052 841 2117 909 po-

1120 925 1220 1010 situs,
1246 947 1340 1019 quae
1353 922 1383 994 si
1397 935 1549 1014 vagatur
1563 924 1600 992 in
1615 920 1803 992 latitudine
1817 920 2036 1006 meridiana,
2056 933 2119 992 ant

1122 1039 1266 1111 arctoa,
1293 1026 1461 1096 conducit
1484 1026 1625 1094 animae
1648 1025 1694 1092 ad
1719 1022 1939 1093 efficiendam
1965 1023 2118 1092 varieta-

1122 1143 1193 1198 tem
1211 1153 1377 1214 morum,
1404 1139 1438 1198 et
1454 1127 1682 1198 calliditatem
1700 1123 1932 1198 consiliorum
1952 1138 1988 1195 et
2003 1137 2118 1198 muta-

1121 1231 1309 1302 bilitatem.
1360 1231 1410 1302 At
1425 1229 1463 1298 in
1480 1233 1584 1302 nodis
1601 1231 1747 1302 adiuvat
1761 1253 1911 1300 acumen
1933 1251 1975 1298 ac
1998 1227 2120 1299 celeri-

1122 1347 1231 1404 tatem
1265 1333 1504 1418 inventionis,
1522 1405 1527 1418 ,
1547 1333 1761 1406 industriam
1796 1357 1836 1402 ac
1863 1331 2120 1402 festinantiam.

1122 1433 1164 1506 ln
1192 1449 1275 1506 ortu
1301 1447 1337 1504 et
1357 1448 1534 1506 crescente
1557 1437 1727 1524 lumine,
1753 1435 1837 1505 facit
1862 1435 2122 1527 generosiores,

1122 1539 1425 1631 magis‘apertos,
1456 1539 1635 1612 firmiores
1659 1553 1694 1610 et
1720 1538 1922 1609 liberiores:
1976 1533 2017 1608 ln
2040 1561 2123 1607 con-

1123 1641 1308 1713 iunctione
1326 1665 1413 1711 vero
1432 1651 1467 1710 et
1484 1643 1739 1726 occultatione,
1765 1641 1850 1711 facit
1865 1641 2123 1732 languidiores,

1124 1742 1346 1830 hebetiores,
1372 1744 1514 1816 facilins
1530 1747 1771 1818 desistentesa
1792 1743 2000 1836 proposito,
2027 1743 2123 1814 timi-

1125 1847 1265 1930 diores,
1291 1847 1529 1920 obscuriores.

1585 2019 1656 2091 Sol.

1229 2152 1293 2222 Sol
1313 2163 1433 2222 autem
1458 2151 1547 2221 siin
1570 2153 1658 2226 locis
1683 2154 1810 2226 faustis
1838 2153 2026 2224 familiaris
2056 2153 2125 2224 erit

1128 2254 1344 2348 gubernanti
1360 2277 1480 2325 mores
1494 2253 1656 2339 animae,
1682 2256 1789 2326 efficit
1804 2256 1986 2342 iustiores,
2012 2255 2126 2347 magis

1127 2358 1346 2440 industrios,
1371 2355 1575 2451 graviores,
1600 2357 1851 2452 religiosiores.
1908 2359 1957 2428 At
1979 2358 2017 2430 in
2039 2359 2127 2429 locis

1128 2459 1292 2532 infaustis
1314 2471 1350 2528 et
1373 2484 1448 2528 non
1472 2459 1748 2552 congruentibus
1771 2486 1851 2530 cum
1885 2461 2127 2545 dominatore,

1128 2565 1216 2636 facit
1237 2561 1475 2646 sordidiores,
1516 2562 1776 2635 difficilioribus
1800 2565 1952 2656 negotiis
1975 2559 2127 2656 implici-

1129 2681 1203 2752 tos,
1228 2667 1349 2738 minus
1364 2665 1594 2736 observantes
1609 2667 1742 2751 decori,
1767 2665 1980 2760 pervicaces,
2005 2670 2128 2752 duros,

1131 2771 1311 2854 crudeles,
1341 2768 1603 2852 intractabiles,
1638 2771 1794 2868 denique
1815 2774 1936 2843 miuus
1957 2769 2128 2842 flexibiles

1130 2875 1177 2946 ad
1194 2874 1375 2944 virtutem.
2070 2897 2072 2902 v

1437 3045 1493 3114 De
1515 3045 1644 3118 sortes
1665 3049 1814 3121 osiam

1226 3179 1328 3274 Quia
1362 3180 1602 3272 proprietates
1636 3181 1779 3252 animae
1812 3183 1976 3280 seqnitur
2006 3184 2129 3278 aliquo

1131 3285 1243 3354 modo
1264 3283 1428 3354 narratio
1451 3283 1646 3376 insignium
1666 3287 1877 3356 morborum
1906 3288 2001 3370 eius,
2044 3310 2129 3357 con-

1130 3385 1231 3456 venit
1243 3385 1497 3457 universaliter
1509 3401 1638 3457 notare
1653 3401 1689 3458 et
1706 3386 1896 3461 observare
1909 3389 2129 3462 Mercurium

1132 3503 1168 3560 et
1181 3489 1338 3573 Lunam,
1364 3493 1548 3585 quomodo
1565 3515 1602 3563 se
1616 3503 1745 3563 mutare
1762 3493 1962 3586 adspiciaot
1977 3507 2040 3566 aut
2054 3517 2130 3564 car-

1132 3595 1252 3677 dines,
1280 3605 1343 3664 nut
1358 3595 1536 3666 maleficas
1552 3595 1682 3666 stellas.
1892 3589 1895 3596 “

1237 3695 1329 3768 Cum
1358 3698 1454 3768 enim
1483 3721 1559 3770 non
1582 3711 1668 3772 sunt
1689 3697 1846 3789 colligati
1870 3697 2070 3772 Mercurius
2095 3712 2131 3768 et

1133 3798 1237 3872 launa
1262 3803 1358 3872 inter
1379 3825 1473 3885 sese,
1504 3814 1567 3874 ant
1590 3827 1670 3874 cum
1693 3803 1731 3870 in
1751 3801 1920 3886 orientali
1942 3799 2130 3887 horizonte

1133 3917 1369 3996 superantur,
1402 3917 1465 3978 aut
1486 3917 1569 3976 sunt
1590 3905 1831 3989 circumsessi,
1866 3919 1928 3981 aut
1946 3907 2130 3978 maleficae

1093 4067 1097 4076 .
1134 4008 1321 4100 oppositae
1339 4021 1440 4093 sunt,
1467 4023 1502 4079 et
1518 4011 1686 4102 adspectu
1700 4009 1904 4102 pernicioso
1923 4009 2130 4103 collocatae,

1133 4135 1260 4182 causae
1282 4125 1367 4183 sunt
1385 4113 1582 4184 multorum
1606 4113 1838 4196 morborum,
1880 4111 1942 4208 qni
1964 4113 2130 4185 accidunt

1134 4214 1288 4288 anirnae.
1352 4211 1400 4284 Et
1429 4215 1704 4306 temperamenti
1732 4213 1893 4284 confusio
1926 4215 2080 4286 scarnitur
2108 4239 2127 4282 a

1133 4315 1366 4410 qualitatibus
1387 4317 1568 4388 stellarum
1593 4345 1660 4410 pro
1683 4314 1752 4386 loci
1779 4327 1920 4388 natura.
1979 4315 2031 4390 Ac
2055 4343 2129 4387 mc-

1132 4419 1263 4490 diocris
1287 4421 1384 4491 labes
1410 4446 1451 4490 ex
1473 4419 1754 4514 proprietatibus
1775 4421 2000 4514 planetarum
2028 4421 2128 4516 prius

1132 4521 1235 4593 dictis
1250 4522 1344 4594 sunri
1358 4535 1494 4617 potest,
1520 4525 1739 4596 incrementa
1755 4548 1842 4592 vero
1860 4524 2128 4617 conspiciuntur

1132 4650 1174 4695 ex
1190 4627 1430 4696 maleficarum
1450 4625 1710 4719 exsuperantia.
1748 4623 2014 4698 convenienter
2031 4625 2125 4696 enim

1131 4729 1200 4797 dici
1231 4729 1328 4800 labes
1360 4741 1476 4821 potest
1510 4753 1667 4802 excessus
1690 4741 1752 4799 aut
1774 4729 1929 4799 defectus
1955 4731 1989 4798 in
2018 4731 2127 4798 ariori-

1129 4833 1214 4914 bns,
1239 4833 1408 4902 recedens
1423 4855 1443 4901 a
1458 4831 1716 4904 mediocritate.

1233 4935 1422 5005 Caeterum
1439 4935 1595 5006 maiores
1608 4937 1761 5018 furores,
1779 4935 1841 5028 qni
1856 4947 2028 5028 tanquam
2046 4955 2125 5025 per-

1129 5037 1229 5130 petni
1245 5038 1364 5108 morbi
1381 5037 1420 5106 in
1437 5050 1566 5108 natura
1583 5034 1752 5120 haerent,
1786 5050 1822 5106 et
1840 5039 1989 5107 laedunt
2009 5042 2121 5105 totam

1128 5153 1266 5232 partem
1290 5140 1504 5210 rationalem
1531 5153 1566 5210 et
1588 5145 1833 5234 adpetentem,
1872 5141 1935 5210 tali
1959 5140 2125 5210 observa·

1127 5243 1227 5314 tione
1244 5245 1280 5312 in
1298 5269 1427 5338 genere
1443 5244 1491 5313 ita
1508 5243 1666 5315 iudicare
1680 5243 1774 5314 licet.

1228 5346 1420 5441 Epileptici
1453 5347 1547 5418 enim
1583 5349 1796 5442 plerumque
1830 5345 1947 5430 liunt,
1996 5345 2123 5439 quibus

1126 5447 1229 5518 Luna
1253 5465 1289 5522 et
1309 5451 1510 5522 Mercurius
1538 5475 1612 5520 uon
1637 5465 1720 5524 sunt
1741 5449 1898 5542 colligati
1920 5449 2014 5520 inter
2037 5473 2123 5531 sese,
