4668 6086
42 191 87 268 se
451 133 527 261 na
579 183 981 263 mensurnam
1012 185 1293 267 aecasrmrs
1325 187 1576 264 nunmmrs.
1953 192 2030 278 350

44 368 88 439 110
103 365 141 436 Et
152 373 306 458 patrem;
327 361 391 460 qui
403 360 553 434 norn'nre
570 374 676 434 enant
686 363 817 450 amici,
837 384 915 436 non
928 382 980 441 te.
1033 366 1109 442 375
1138 371 1239 440 ddm.
1261 363 1308 435 Et
1322 391 1419 437 nunc
1437 367 1579 438 affirmo
1596 369 1721 439 eadem
1739 384 1774 441 et
1789 371 1932 448 faciam.

29 475 31 539 1
70 471 112 539 Tu
131 481 241 540 autern
265 469 356 540 dans
371 489 433 551 ea,
457 489 550 561 quae
572 462 730 540 habuisti
747 465 970 556 charissima,
1084 473 1159 548 Alo.
1186 469 1263 539 Hac
1280 471 1489 568 conditione
1505 471 1624 566 accipe
1639 471 1772 548 liberos
1788 499 1831 548 er
1846 481 1936 554 meis
1952 500 2029 554 ma-

68 574 123 644 Pro
143 596 217 642 mea
236 571 332 656 vita,
355 569 505 644 servasti
526 593 605 643 me:
625 571 752 667 itaque
773 573 875 646 adest
890 569 982 645 mihi
1446 573 1565 648 nibus.

403 697 545 768 gernere
1084 681 1185 748 Adm.
1203 673 1368 768 Accipio:
1386 673 1538 748 estmihi
1555 690 1696 770 gratum
1710 705 1893 756 munuser
1911 687 2025 759 amica

71 778 229 849 lmittenti
250 789 285 848 te
306 777 415 848 talem
441 778 643 872 coniugem.
1450 801 1573 854 manu.

37 880 42 897 '
70 883 216 954 Omittam
234 880 402 952 convivia
426 894 463 952 et
482 881 719 954 convivarum
742 881 924 969 sodalitia,
1085 883 1161 953 Alo.
1195 881 1254 952 Tu
1277 894 1353 954 esto
1379 881 1456 955 istis
1481 897 1598 955 mater
1620 904 1689 976 pro
1710 911 1781 962 me.

44 985 87 1058 115
109 985 149 1056 Et
162 1009 331 1070 coronas,
356 997 392 1056 et
405 984 620 1070 cantilenas,
644 1009 738 1082 quae
756 999 861 1058 antea
877 1009 981 1058 oocu·
1085 990 1187 1057 Adm.
1215 981 1344 1076 Ingens
1365 987 1555 1060 necessitas
1579 989 1715 1061 orbatis
1739 1003 1774 1062 te
1797 1007 1924 1067 matre.
1980 1063 1988 1070 .

400 1101 580 1181 paverunt
601 1112 720 1160 meam
745 1091 912 1170 domum;
1034 1089 1110 1160 580
1145 1091 1217 1162 Ale.
1250 1087 1286 1159 0
1307 1088 1432 1174 liberi,
1459 1092 1599 1162 morior
1622 1111 1738 1178 nunc,
1768 1119 1849 1166 cum
1870 1099 2026 1170 maxime

67 1196 131 1266 Non
152 1191 304 1285 amplius
328 1186 503 1284 attingam
528 1191 725 1278 barbitum,
1444 1196 1519 1264 rita
1541 1189 1633 1266 mihi
1654 1207 1709 1266 est
1731 1201 1902 1292 optanda.

66 1299 167 1393 Neque
183 1295 342 1366 animum
360 1295 543 1388 impellam
557 1319 686 1366 canere
704 1297 750 1367 ad
765 1293 937 1391 Libycam
1085 1298 1186 1368 Adm.
1217 1292 1318 1378 Heu,
1342 1295 1429 1390 quid
1450 1321 1554 1390 agam
1580 1311 1616 1368 te
1637 1299 1810 1374 orbatus?

66 1402 206 1481 libiam
229 1412 270 1469 tu
285 1395 381 1468 enim
398 1397 562 1491 eripuisti
578 1395 670 1470 mihi
685 1423 810 1472 omnes
826 1399 982 1470 oblecta·
1085 1399 1160 1470 Ate.
1179 1395 1340 1491 Tempus
1355 1401 1495 1470 minuet
1507 1401 1662 1482 luctatos
1677 1417 1840 1477 mortuus
1855 1403 1947 1478 nihil
1963 1423 2025 1481 est.

402 1501 531 1574 tiorres.
967 1527 969 1532 ’
1086 1505 1187 1572 Adm.
1216 1499 1297 1572 Duc
1315 1523 1374 1572 me
1398 1515 1515 1574 tecum
1544 1507 1590 1575 ad
1611 1504 1758 1579 inseres.

66 1607 174 1680 Solerti
196 1624 309 1676 manu
331 1603 508 1676 artificum
534 1629 664 1699 corpus
685 1617 787 1676 tuum
1085 1606 1160 1675 Ale.
1193 1605 1287 1676 Satis
1311 1618 1363 1676 est
1385 1631 1445 1676 me
1467 1609 1562 1678 mori
1586 1631 1653 1701 pro
1675 1619 1722 1681 te.

40 1711 84 1784 150
101 1712 298 1802 sculptum,
321 1707 361 1778 in
384 1708 478 1780 lecto
500 1709 752 1780 collocabitur:
1034 1703 1109 1781 385
1133 1711 1234 1780 Mm.
1264 1707 1299 1778 Ο
1315 1709 1448 1794 samm,
1470 1712 1568 1810 quali
1592 1711 1742 1805 coniuge
1764 1737 1823 1784 me
1848 1719 1986 1808 privas!

70 1819 149 1908 lpud
181 1814 281 1908 quod
313 1811 458 1896 iacebo,
491 1812 600 1910 idque
635 1811 875 1905 complectens
905 1833 981 1879 rna·
1086 1813 1160 1883 Ate.
1191 1809 1366 1909 Atque⁴⁴)
1389 1815 1603 1886 tenebricosi
1628 1829 1827 1908 gravantur
1848 1823 1953 1895 oculi.

401 1915 521 2000 nibus,
1086 1919 1186 1986 Adm.
1214 1915 1331 2002 Perii,
1356 1917 1467 1989 sime
1490 1922 1641 1992 deseres.

82 2019 182 2089 lenus
204 2031 310 2090 tuum
329 2041 488 2103 nomen,
509 2012 657 2088 charam
683 2017 724 2088 in
743 2017 945 2110 complexu·
1085 2021 1160 2090 Ale.
1198 2017 1347 2092 Frustra
1383 2022 1550 2095 nominas
1583 2047 1660 2108 me,
1698 2049 1792 2122 quae
1833 2028 1905 2099 iam
1947 2054 2025 2102 sirm

89 2119 197 2192 lidehor
232 2117 367 2192 habere
389 2121 598 2215 coniugem,
628 2121 794 2216 quamvis
816 2145 892 2192 non
915 2115 981 2190 ha·
1448 2139 1606 2198 mortua.

401 2225 502 2296 bens.
1085 2229 1186 2296 Adm.
1211 2221 1317 2316 Erige
1334 2225 1481 2315 faciem,
1503 2250 1550 2302 ne
1570 2227 1755 2328 relinquas
1779 2245 1860 2306 tuos
1883 2235 2026 2312 liberos.

72 2325 224 2418 frigidam
242 2328 386 2424 quidem
405 2325 591 2426 opinor⁴⁸)
607 2327 905 2408 oblectationem,
930 2339 982 2394 ta·
1036 2329 1111 2400 390
1139 2331 1216 2400 Alc.
1241 2325 1327 2399 Nou
1342 2329 1468 2404 volens
1489 2335 1633 2416 deser03
1663 2339 1725 2407 s'ed
1747 2337 1883 2424 valete,
1910 2341 2027 2415 liberi.

402 2451 485 2500 men
509 2453 602 2502 onrrs
1086 2436 1187 2503 Adm.
1210 2428 1351 2502 lntuerc
1366 2455 1439 2506 eos.
1489 2441 1567 2512 Ata.
1587 2433 1689 2511 Nihil
1704 2441 1858 2534 amplius
1874 2467 1965 2518 sam.

46 2533 88 2604 sit
103 2535 248 2606 Animae
272 2529 515 2606 exhauserim:
543 2532 748 2605 insomnio
1087 2541 1189 2608 Adm.
1213 2534 1311 2628 Quid
1326 2535 1426 2626 agis?
1445 2540 1578 2614 deseris
1595 2565 1673 2615 nos.
1725 2545 1801 2618 Ate.
1825 2545 1925 2620 Vales

68 2639 246 2711 tlcrurrem
260 2638 455 2710 oblectabis
462 2662 532 2708 me.
560 2635 736 2723 „Gratum
754 2649 807 2708 est
823 2635 982 2706 amicum
1088 2643 1190 2712 Adm.
1214 2637 1314 2708 Perii
1335 2639 1455 2712 miser.
2007 2721 2010 2730 ¹

64 2742 191 2822 „Etiam
206 2755 317 2812 noctu
331 2740 475 2826 videre,
498 2763 715 2836 quocunque
732 2740 874 2811 venerit
894 2751 985 2810 ten·
1090 2745 1189 2816 Glor-
1213 2739 1330 2826 Vixit,
1352 2765 1429 2814 non
1450 2745 1604 2840 amplius
1628 2761 1682 2822 est
1693 2748 1840 2824 Admeti
1862 2755 2029 2830 coniunx.

432 2867 507 2915 ore.

59 2949 87 3017 Si
107 2943 196 3018 mihi
219 2941 358 3039 Orphei
384 2867 523 3018 adesset
542 2946 663 3040 lingua
690 2959 727 3017 et
748 2945 898 3031 musica,
1414 2913 1654 3022 [Siwl’l‘ffi]

59 3053 98 3122 Ut
115 3053 228 3122 liliam
249 3049 390 3122 Cereris
413 3063 476 3121 aut
497 3051 574 3122 eius
595 3049 767 3120 maritum
1091 3053 1188 3120 lium,
1216 3045 1297 3120 Heu
1320 3050 1505 3122 fortunam
1514 3053 1575 3152 ⁴⁵),
1599 3069 1879 3131 matermortua
1902 3076 1965 3134 est.

30 3153 75 3224 tto
97 3155 313 3228 Demulcens
335 3153 515 3240 carmine,
547 3153 594 3224 ab
623 3152 748 3224 inieris
777 3155 984 3225 reducerem
1038 3149 1114 3224 595
1140 3152 1225 3224 Non
1244 3152 1400 3246 amplius
1420 3167 1492 3240 est,
1515 3179 1540 3226 o

408 3257 620 3349 coniugem:
1086 3253 1212 3340 Pater,
1236 3256 1303 3326 σιὼ
1324 3255 1412 3342 sole,

54 3361 328 3446 descenderem,
351 3382 418 3432 nec
440 3385 499 3432 me
520 3358 686 3432 Plutonis
705 3358 817 3440 canis,
1089 3359 1268 3432 Deserene
1286 3383 1403 3430 meam
1424 3361 1548 3433 vitam.

56 3465 171 3562 Neque
194 3467 371 3537 deductor
393 3463 619 3551 animarum,
648 3459 794 3534 Charon
817 3473 927 3530 nauta
1090 3463 1190 3534 Fecit
1210 3487 1268 3534 me
1289 3459 1494 3557 orphanum
1521 3467 1664 3542 misere.

54 3567 251 3652 detineret,
273 3567 486 3663 priusquam
507 3579 542 3638 te
565 3567 605 3636 in
627 3566 741 3636 vitam
768 3567 988 3636 reducerem.
1090 3567 1181 3638 Vide
1203 3566 1295 3652 iam,
1322 3568 1405 3640 vide
1426 3570 1616 3664 palpebras
1639 3556 1698 3644 et'

54 3671 180 3744 Verum
205 3671 280 3740 illic
302 3696 365 3746 me
382 3683 548 3762 expecta,
575 3674 661 3742 dum
686 3669 837 3754 moriar,
1041 3671 1117 3744 400
1138 3670 1329 3744 Resolutas
1349 3697 1490 3744 manus.

34 3771 69 3844 fii
91 3777 284 3868 Praepara
299 3773 522 3846 domicilium
542 3785 717 3870 tanquam
732 3797 873 3844 mecum
888 3766 990 3840 habi·
1092 3775 1209 3859 Audi,
1231 3773 1337 3859 audi,
1362 3801 1384 3846 o

410 3889 544 3950 tatura.
1094 3878 1230 3961 Mater,
1250 3890 1286 3948 te
1308 3879 1474 3951 obsecro:

50 3979 191 4054 inciam
213 3993 489 4066 testamentum,
515 3994 555 4054 ut
580 3981 620 4050 in
642 3981 769 4052 eodem
789 3980 925 4048 terrun
1094 3979 1173 4074 Ego
1196 3994 1251 4064 te,
1274 4005 1296 4051 o
1319 3994 1456 4066 meter,
1483 3981 1659 4076 compello

52 4081 121 4157 llea
144 4087 265 4156 latera
285 4108 422 4178 ponam
445 4084 545 4156 iuxta
1094 4083 1195 4156 Turis
1217 4083 1355 4176 pullus,
1378 4087 1425 4154 ad
1448 4107 1487 4155 os
1511 4097 1612 4156 tuum
1637 4085 1778 4154 cadens.

48 4187 139 4270 lua;
165 4210 287 4284 neque
312 4199 477 4260 mortuus
501 4185 649 4284 quidem
669 4209 831 4280 unquam
1045 4183 1120 4262 405
1148 4189 1250 4262 Adur.
1283 4185 1400 4266 Vocas
1418 4211 1536 4282 neque
1557 4189 1762 4260 audientem
1776 4211 1893 4282 neque
1911 4189 2033 4261 viden-

45 4291 136 4364 l'olo
162 4317 242 4366 esse
263 4293 443 4366 seiunctus
464 4313 485 4362 a
510 4305 564 4375 te,
585 4313 678 4384 quae
693 4289 770 4360 sola
786 4280 879 4358 mihi
895 4281 993 4355 inisti
1453 4302 1545 4361 tem:
1567 4292 1689 4390 itaque
1709 4311 1776 4384 ego

412 4397 497 4468 fida.
1097 4391 1144 4465 Et
1166 4417 1230 4466 vos
1252 4391 1354 4486 gravi
1375 4389 1578 4466 calamitate
1598 4389 1820 4470 consternati
1840 4418 1975 4480 sumus.

29 4493 66 4568 to
96 4505 211 4576 chor.
241 4497 292 4570 Et
306 4523 371 4592 ego
385 4493 484 4570 hunc
497 4495 634 4570 luctum
649 4491 787 4566 tristem
805 4505 845 4566 ut
859 4493 996 4566 amicus
1492 4573 1501 4592 ‚
1968 4530 1971 4539 ·

423 4628 505 4674 eum
528 4599 645 4670 amico
1364 4561 1721 4668 [Astarte-oph]

38 4707 130 4778 Una
158 4729 306 4800 geram,
328 4705 405 4798 ipsa
432 4705 529 4776 enim
552 4713 605 4774 est
628 4701 749 4792 digna.
1100 4709 1197 4774 llum.
1230 4700 1308 4794 Ego
1332 4701 1471 4778 iuvenis
1494 4699 1611 4776 adhuc
1633 4706 1822 4803 relinquor
1844 4693 1952 4780 chara

34 4815 120 4882 Alc.
157 4811 196 4882 O
214 4807 340 4894 liberi,
360 4831 425 4882 vos
446 4805 632 4880 audivistis
653 4799 742 4873 haec
1101 4806 1219 4875 Matre
1242 4805 1402 4892 orbatus,

36 4917 70 4982 A
88 4927 229 5006 patre,
246 4913 345 5008 quod
361 4935 549 5008 nunquam
568 4907 676 4978 aliam
690 4907 862 4976 ducturus
876 4904 922 4974 sit
1102 4907 1235 4980 Tristia
1262 4907 1401 5002 patiens

38 5017 285 5112 coniugem,
309 5039 377 5088 nec
399 5017 624 5108 neglecturus
642 5033 712 5082 me.

1053 5100 1262 5115 *-

23 5247 213 5262 ............
1089 5208 1138 5274 44)
1158 5211 1261 5274 Atque]
1278 5208 1322 5261 rto
1339 5207 1424 5261 estes
1443 5209 1537 5272 tm,
1564 5209 1655 5276 tm
1682 5211 1781 5276 loru,
1799 5211 1921 5277 tium
1944 5209 2043 5276 Ateste

1126 5280 1203 5332 ltin:
1223 5279 1280 5330 lem
1297 5291 1365 5330 vero
1384 5277 1493 5344 (surm.
1510 5275 1558 5330 troi
1574 5277 1656 5347 pulv).

40 5399 80 5466 u>
100 5389 229 5464 optnor]
255 5389 298 5442 sto
321 5391 369 5452 t:
387 5389 483 5456 ltortp.
502 5377 595 5458 οἶμαι)
619 5383 704 5438 nette.
730 5385 852 5446 recent.;
878 5381 906 5430 tn
924 5381 1009 5434 rotet.
1094 5381 1143 5449 44)
1162 5383 1220 5434 uso
1244 5377 1396 5450 torturam]
1421 5379 1464 5432 sto
1488 5381 1687 5450 84141444,
1710 5383 1806 5449 ime
1833 5381 1918 5436 rate.
1941 5383 2045 5442 emant,

69 5471 175 5532 rm,
199 5461 279 5514 tota.
298 5459 386 5512 deest.
640 5464 643 5472 ’
1132 5457 1181 5514 t:
1188 5451 1282 5517 Burlp.
1297 5443 1341 5503 'td
1358 5443 1523 5556 potdeus)
1542 5451 1594 5504 rtet
1610 5453 1674 5506 nihl
1689 5455 1804 5520 propter
1819 5451 2011 5506 column.

1340 5520 1391 5594 85
