4844 6122
82 248 128 317 tr
245 235 393 314 XLVII.
439 235 841 314 munumentum
864 233 1039 312 umus
1066 233 1455 332 Qusnntratta'trl
1480 230 1766 306 P'POLEMAEI
1798 229 1889 304 LlB.
1910 229 1971 304 111.
2082 231 2134 308 ‘ii

86 413 301 510 principium
314 412 530 504 Capricorni
548 413 722 487 obsideat
773 412 821 483 Et
835 413 981 484 distata
994 408 1085 481 coeli
1135 412 1247 480 diano
1260 407 1362 482 boris
1375 409 1624 504 inaequalibus
1647 407 1779 490 tribus,
1809 419 1852 478 ut
1876 404 1968 476 coeli
1991 403 2135 479 urbm

87 517 234 588 cnbnine
275 515 530 608 principium..
543 517 809 600 Geminorum,
860 515 1084 607 temporibus
1137 527 1286 607 occupet
1301 514 1416 585 Tauri
1435 535 1519 606 pars
1540 512 1678 582 decima
1705 523 1844 581 octava.
1905 507 2024 580 Distet
2047 527 2135 578 vero

88 619 287 716 aequalibus
309 631 459 700 uentum
482 621 722 713 quadraginta
744 633 902 712 septem,
936 641 1085 708 scrupe*
1135 619 1255 711 primo
1269 617 1340 690 situ
1354 617 1497 687 initium
1512 615 1750 687 Geminorum
1768 637 1787 682 a
1805 611 1896 682 coeli
1909 609 2073 702 fastigio,
2095 609 2136 683 itt

89 726 128 796 lis
152 721 394 818 quadraginta
430 734 525 794 orto.
598 723 779 816 Quoniam
816 723 925 816 igitur
952 718 1084 790 Arietis
1133 722 1389 816 consequentia
1413 719 1637 812 temporibus
1652 716 1936 813 Aequinoctialis
1952 712 2136 786 tredecim.

92 826 293 920 principium
313 849 340 894 a
358 824 450 897 coeli
467 848 637 918 supremo
657 825 800 918 fastigio
821 851 882 898 ser
906 821 1008 894 boris
1028 823 1084 892 in·
1135 824 1175 896 si
1217 826 1327 915 igitur
1363 849 1488 894 rursus
1532 817 1642 894 boras
1679 835 1751 894 tres
1795 817 2135 912 amplificaverimns

101 928 283 1022 aequalibus
317 927 493 1010 dbsidet,
532 929 665 1002 idcirco
695 927 817 1002 bassi
845 931 1019 1000 amamus
1044 925 1083 994 iu
1134 927 1389 1020 septemdecim
1413 926 1657 1018 temporibus,
1691 937 1772 996 octo
1795 921 1992 1015 scrupulis,
2026 921 2135 992 dista·

109 1031 321 1122 septendecim
342 1042 511 1122 tempora
529 1029 812 1128 aequinoctialis
822 1045 861 1102 ct
882 1043 963 1100 octo
985 1051 1083 1100 scru-
1135 1032 1189 1100 bit
1205 1033 1361 1102 secundo
1377 1029 1498 1124 positu
1514 1027 1731 1121 principium
1749 1025 1988 1096 Geminorum
2016 1047 2037 1092 a
2061 1044 2136 1092 me·

110 1135 195 1226 puls,
216 1133 280 1225 (tot
306 1133 410 1204 euim
436 1132 502 1206 uoi
526 1129 638 1208 borae
660 1135 845 1230 inaequali
868 1143 1083 1224 cormunt,
1135 1135 1280 1205 ridiano
1295 1135 1334 1204 in
1350 1132 1601 1227 praecedentia
1619 1129 1844 1224 temporibus
1869 1126 2135 1224 quinquaginta

106 1235 261 1308 reumata
276 1237 361 1308 diei
375 1237 578 1330 quantitate
593 1241 639 1308 ab
654 1239 759 1308 initio
769 1239 1022 1318 Geminortun,
1048 1247 1084 1304 et
1136 1252 1172 1308 et
1191 1263 1286 1322 uno,
1312 1237 1488 1328 scrupulis
1510 1235 1638 1328 viginti
1664 1245 1840 1330 quatuor,
1874 1231 2004 1328 quibus
2021 1230 2138 1300 bede·

100 1340 230 1410 sumitur
259 1340 440 1412 distantia
470 1340 643 1434 principii
671 1342 909 1413 Geminorum
940 1363 961 1408 a
992 1336 1083 1411 coeli
1136 1341 1207 1411 cim
1230 1342 1374 1424 iuncta,
1414 1339 1608 1410 confidunt
1640 1335 1823 1429 sexaginta
1858 1348 2015 1431 quatuor
2046 1346 2136 1404 tems

101 1441 248 1540 culmine)
272 1441 513 1514 conficiemus
535 1457 570 1514 et
591 1441 698 1518 buius
719 1443 910 1516 distantiae
939 1453 1082 1512 centurn
1134 1467 1245 1537 pora,
1271 1442 1399 1534 viginti
1421 1455 1579 1537 quatum·
1601 1441 1780 1533 scrupula.
1838 1438 2054 1510 absolverat
2076 1459 2139 1506 aa·

104 1547 205 1616 etduo
221 1560 414 1640 tempora,
441 1547 609 1640 scrupula
625 1547 862 1642 quadraginta
878 1557 972 1616 octo.
1012 1542 1083 1614 Ex-
1137 1561 1222 1630 tem,
1249 1571 1330 1617 cum
1351 1545 1510 1622 oriretur
1523 1541 1623 1616 loc'us
1640 1556 1869 1636 prorogator,
1896 1539 2136 1638 quadraginta

106 1673 213 1734 cesus,
251 1672 332 1744 quo
364 1649 427 1716 illa
457 1663 632 1742 superant
657 1645 763 1734 baec,
800 1663 1005 1742 temporum
1031 1658 1084 1716 est
1136 1651 1297 1746 quinque
1313 1661 1497 1742 temonem
1525 1647 1711 1718 cumcoeli
1729 1648 1871 1717 culmen
1888 1647 2015 1726 adiret,
2032 1640 2137 1736 quin·
2246 1675 2248 1680 ·

103 1753 321 1846 qnadraginta
352 1751 537 1846 quinque,
576 1753 706 1846 quibus
735 1751 885 1838 emetis,
931 1771 1083 1844 sequeus
1136 1754 1308 1846 quaginta
1325 1765 1428 1836 octo,
1457 1750 1495 1819 in
1518 1775 1645 1822 occasu
1668 1749 1907 1840 septuaginta.
1958 1747 2056 1835 Ergo
2077 1767 2137 1814 ra·

104 1853 186 1927 locus
200 1855 412 1928 devolvetur
427 1857 475 1924 ad
490 1859 777 1948 praecedentem.
813 1855 887 1925 Tot
899 1878 987 1924 vero
999 1864 1085 1924 suut
1135 1855 1233 1926 tione
1249 1856 1340 1940 loci,
1367 1879 1474 1949 quem
1499 1854 1594 1923 inter
1614 1851 1705 1923 coeli
1728 1853 1889 1922 medium
1912 1863 1948 1920 et
1970 1871 2137 1920 occasum

108 1959 198 2026 etiam
234 1973 401 2050 tempora
437 1957 687 2052 ascensionum
722 1958 856 2033 Arietis
890 1970 925 2027 et
956 1954 1084 2040 Tauri,
1137 1955 1915 2053 eiassignavimus”⁸),discrepatnumerus
1931 1966 2138 2044 temporum

109 2061 438 2156 posteaquamlocus
453 2075 675 2153 prorogator
697 2063 892 2132 collocatur
913 2060 952 2130 in
974 2055 1084 2130 horo·
1136 2061 1181 2130 ab
1195 2062 1383 2156 utriusque
1401 2061 1558 2131 cardinis
1573 2059 1808 2153 temporibus.
1850 2057 1914 2130 Est
1927 2055 2022 2126 enim
2039 2077 2138 2124 sexa·

118 2184 225 2250 scopo.
272 2161 432 2232 Similiter
447 2163 619 2241 consistat
637 2165 675 2232 in
695 2164 785 2239 coeli
807 2163 962 2235 culmine
984 2161 1085 2253 prin·
1136 2164 1234 2256 ginta
1251 2177 1409 2260 quatm
1423 2175 1641 2256 temporum.
1693 2161 1825 2234 Differt
1839 2186 1925 2232 vero
1941 2160 2138 2232 secundum

124 2261 234 2354 cipiunt
252 2263 392 2350 Arietis,
434 2279 476 2338 ut
507 2269 703 2340 secundum
733 2267 906 2360 primum¹
923 2265 1032 2336 situm
1062 2287 1081 2332 a
1136 2268 1314 2338 rationem
1339 2289 1499 2338 excessus
1520 2265 1631 2338 trium
1652 2261 1845 2346 horarum;
1884 2277 1920 2336 et
1941 2263 2139 2356 siquidem

111 2365 286 2442 meridiano
314 2392 425 2462 supra
454 2381 588 2440 terram
619 2371 711 2440 absit
740 2369 883 2441 initium
913 2367 1084 2440 Gemino·
1136 2369 1175 2438 in
1204 2369 1354 2462 integris
1384 2370 1646 2464 quadrantibus
1675 2371 1872 2440 secundum
1896 2366 2060 2438 cardines
2082 2389 2139 2436 ac·

108 2472 445 2570 mmqninquaginta
463 2485 544 2542 octo
560 2469 1084 2568 temporibusAequinoctialis.
1137 2471 1267 2565 ceptis,
1307 2471 1499 2546 duodecim
1529 2483 1581 2544 est
1610 2485 1816 2563 temporum
1846 2467 2070 2552 differentia,
2099 2469 2139 2540 in

110 2571 263 2668 Quoniam
297 2577 432 2668 igitur,
478 2588 520 2646 ut
548 2577 704 2647 secundo
733 2576 938 2670 posuimus,
986 2575 1085 2644 locus
1137 2575 1306 2648 distantia
1323 2574 1434 2646 trium
1450 2569 1644 2659 botarum,
1673 2574 1741 2654 erit
1755 2587 1961 2666 temporum
1977 2595 2050 2644 ses.
2126 2622 2130 2632 ·

106 2693 299 2772 prorogator
314 2679 409 2749 coeli
420 2677 603 2769 fastigium
623 2679 774 2764 obtinet,
800 2676 973 2750 babemus
987 2675 1085 2770 prio-
1239 2677 1336 2772 Quia
1351 2701 1438 2752 vero
1458 2679 1582 2749 cadem
1597 2679 1670 2750 sere
1693 2677 1788 2750 ratio
1813 2678 1851 2750 in
1874 2675 2042 2748 omnibus
2066 2695 2140 2746 ser·

104 2779 142 2850 ris
158 2783 347 2854 distantiae
371 2807 454 2852 eum
476 2781 594 2874 ipsum
620 2776 799 2856 excessum
823 2779 1083 2880 quinquaginta
1136 2793 1261 2866 vatur,
1287 2781 1356 2853 alia
1376 2782 1593 2851 adeundam
1607 2783 1757 2852 modum
1774 2781 1992 2875 simpliciore
2008 2777 2068 2850 via
2085 2773 2141 2849 uti

103 2897 164 2954 octo
175 2899 407 2980 temporum:
443 2885 728 2983 quibuscum’¹),
764 2909 807 2956 eo
825 2887 923 2982 quod
939 2885 977 2953 in
994 2881 1086 2953 coeli
1136 2909 1338 2978 possumus.
1389 2882 1535 2970 Etenim
1552 2909 1677 2958 rursus
1692 2907 1774 2956 cum
1797 2885 2012 2978 oriturpars
2036 2903 2142 2976 prae·

99 2991 198 3060 medio
214 2991 264 3062 sit
279 2991 388 3060 locus
401 3003 640 3081 prorogator,
666 2989 907 3060 meridianum
926 3001 1085 3082 praeter·
1138 2991 1285 3072 cedens,
1325 2987 1592 3076 ascensionibus
1622 3001 1766 3069 utemur
1795 3013 1909 3083 usque
1932 2989 1978 3060 ad
1998 2997 2139 3082 partem

99 3087 260 3166 vehuntur
274 3091 386 3164 Aries
402 3105 438 3162 et
451 3091 607 3164 Taurus.
780 3109 784 3121 ·
1138 3103 1365 3186 sequentem3
1394 3098 1488 3182 eum
1512 3092 1552 3162 in
1574 3116 1703 3166 occasu
1724 3105 1797 3176 est,
1831 3089 2141 3172 descensionibus

183 3197 329 3271 Rursus
360 3197 598 3266 transferatur
629 3191 847 3288 principium
878 3193 1012 3265 Arietis
1047 3194 1086 3262 in
1139 3220 1220 3265 cum
1251 3193 1291 3264 in
1319 3195 1410 3266 coeli
1441 3195 1596 3266 culmine
1629 3195 1781 3280 eminet,
1819 3191 1994 3288 sphaerae
2020 3207 2140 3266 rectae

100 3321 269 3386 occamm,
314 3299 419 3369 utin
441 3299 600 3370 medium
624 3297 714 3370 coeli
734 3299 919 3392 redigatur
940 3295 1085 3368 initium
1138 3296 1364 3370 ascensiones
1378 3321 1614 3372 assumemus.
1668 3299 1825 3393 Quando
1842 3300 1990 3370 veroin
2011 3295 2140 3369 mediis

95 3399 223 3476 Cancri.
291 3401 478 3474 Dissident
497 3423 620 3494 uerna
648 3401 738 3473 coeli
762 3403 916 3474 culmine
940 3399 1085 3472 initium
1137 3397 1269 3472 borum
1286 3400 1488 3476 interstitiis
1502 3397 1678 3488 haeserit,
1705 3403 1823 3498 qualis
1840 3415 1894 3474 est
1911 3404 1950 3476 in
1975 3399 2138 3492 exemplo
2163 3447 2166 3452 -

94 3503 347 3590 Geminorum,
380 3505 418 3574 in
441 3505 692 3598 praecedentia
714 3507 936 3600 temporibus
952 3505 1086 3602 Aequi·
1137 3503 1254 3596 priori
1279 3505 1367 3578 situs
1390 3506 1545 3590 Arietis,
1582 3505 1741 3599 primurn
1769 3507 1952 3600 capiemus
1975 3518 2141 3597 tempora

92 3611 249 3682 noctialis
283 3609 431 3701 triginta
467 3610 626 3694 duobus,
671 3610 847 3702 scrupulis
883 3609 1086 3680 duodecim.
1138 3607 1284 3702 utrique
1310 3610 1464 3701 angulo,
1496 3611 1591 3680 intra
1613 3635 1705 3705 quos
1726 3611 1889 3684 condetit
1911 3621 2140 3704 prorogator,

93 3711 269 3805 Quoniam
288 3715 400 3806 igitur
416 3735 539 3783 rursus
553 3711 783 3783 intervallum
801 3713 970 3806 principii
985 3711 1088 3782 Aria·
1140 3713 1394 3802 congruentia,
1422 3737 1463 3782 ac
1485 3713 1516 3786 si
1536 3713 1574 3782 in
1598 3713 1685 3806 ipsis
1702 3728 1905 3786 versaretur
1922 3711 2139 3785 cardinibus.

92 3817 133 3886 tis
164 3817 206 3884 in
236 3819 383 3886 cardine
412 3816 561 3886 occiduo
592 3816 817 3886 consistentis
851 3827 886 3886 et
921 3817 1087 3888 culminis
1139 3811 1367 3887 Inveniemus
1397 3829 1536 3900 autem,
1574 3817 1606 3888 si
1635 3829 1718 3910 post
1747 3818 1890 3890 culmen
1915 3816 2007 3888 coeli
2030 3836 2139 3908 supro

94 3919 200 4000 coeli,
241 3932 293 3989 est
312 3915 487 3991 horarum
510 3941 571 3989 sex
592 3919 858 4014 inaequalium,
899 3923 928 3993 si
955 3921 1087 3990 decies·
1138 3931 1272 3988 terram
1291 3921 1519 4011 posuerimus
1532 3919 1676 3992 initium
1691 3921 1843 4006 Arietis,
1869 3922 1963 3994 iutra
1979 3917 2139 3990 medium

96 4021 222 4111 septies
251 4016 312 4094 bas
343 4021 567 4107 auxerimus,
609 4023 898 4115 comparabimus
922 4039 1085 4118 tempora
1139 4023 1229 4092 coeli
1253 4035 1288 4092 et
1311 4024 1533 4094 occidentem
1557 4026 1794 4117 congruentia
1826 4027 1872 4095 ad
1902 4021 1999 4096 bunc
2029 4021 2139 4094 situm

94 4121 369 4216 Aequinoctialis
387 4137 528 4194 centurn
545 4129 640 4212 duo,
666 4127 832 4218 scrupula
848 4129 1085 4220 quadraginta
1138 4137 1303 4216 tempora
1319 4128 1500 4217 sexaginta
1520 4141 1689 4223 quatuor.
1744 4129 1794 4202 At
1816 4125 2068 4200 converrientia
2093 4125 2141 4194 ad

92 4238 194 4308 octo,
222 4228 348 4322 quibus
372 4227 489 4298 aberit
512 4253 532 4297 a
557 4229 758 4299 meridiano
783 4229 1000 4325 principium
1017 4233 1086 4302 Ge·
1139 4227 1247 4298 situm
1266 4231 1514 4322 prorogatoris
1530 4231 1570 4302 in
1583 4233 1674 4304 coeli
1688 4233 1843 4302 culmine
1855 4245 2020 4326 tempora
2035 4227 2140 4326 quin·

94 4331 294 4417 minorum,
320 4333 468 4430 quando
486 4333 667 4403 occiderit.
713 4333 884 4406 ¹Sedsitu
901 4336 1021 4428 primo
1042 4335 1086 4404 ab
1140 4331 1311 4424 quaginta
1345 4348 1447 4418 octo,
1488 4336 1535 4406 ad
1565 4336 1723 4428 positum
1756 4337 1915 4410 eiusdem
1942 4337 1981 4406 in
2012 4357 2141 4408 occasu

94 4436 216 4504 eodem
240 4434 279 4504 iu
302 4439 453 4506 eandem
475 4449 615 4528 partem
640 4433 754 4506 abfuit
779 4439 1002 4530 temporibus
1025 4439 1087 4508 tri·
1139 4435 1364 4526 septuaginta
1379 4439 1613 4530 reperiemus.
1643 4440 1783 4510 Deinde
1797 4439 2032 4534 inquiremus,
2051 4447 2141 4532 quot

93 4537 185 4626 ginta
201 4539 362 4625 duobus,
389 4541 565 4630 scrupulis
590 4539 792 4611 duodecim.
852 4539 893 4612 ln
915 4541 1088 4636 tempori·
1140 4533 1240 4608 boris
1264 4539 1512 4634 inaequalibus
1540 4543 1585 4611 ab
1617 4544 1790 4616 alterutro
1819 4543 1965 4614 cardine
1994 4563 2139 4636 praece·

92 4639 155 4710 bus
167 4641 276 4732 igitur
289 4641 527 4735 septuaginta,
552 4643 727 4734 scrupulis
741 4644 886 4735 triginta
902 4669 963 4719 sex
979 4669 1086 4738 supra
1140 4643 1229 4711 dens
1242 4665 1327 4734 pars
1341 4644 1458 4714 distet.
1506 4643 1652 4738 Quanta
1669 4647 1764 4716 enim
1781 4641 2141 4719 boraeillaesuerint

93 4755 220 4814 terram
238 4745 278 4815 in
294 4769 458 4817 occasum
471 4747 618 4831 seretur,
645 4747 774 4842 quibus
789 4749 1014 4841 temporibus
1028 4751 1088 4819 de·
1140 4767 1225 4836 pars
1248 4745 1379 4836 integri
1402 4747 1633 4840 quadrantis,
1668 4749 1730 4843 qui
1756 4773 1818 4820 sex
1850 4745 1951 4822 boris
1979 4758 2163 4818 constatt·

92 4849 263 4918 cumbunt
289 4851 356 4921 sub
376 4873 540 4920 occasum
555 4852 659 4922 Aries
682 4864 717 4921 et
738 4851 899 4934 Taurus;
933 4866 969 4923 et
991 4877 1009 4922 e
1033 4877 1089 4922 re·
1140 4859 1277 4917 tantam
1294 4861 1435 4942 partem
1452 4851 1651 4924 detractam
1672 4875 1692 4920 a
1710 4851 1934 4936 differentia,
1962 4873 2033 4945 qua
2061 4869 2139 4918 car·

93 4949 192 5040 pone
207 4953 410 5026 efferuntur
423 4956 587 5046 opposita
603 4956 704 5046 signa
717 4953 849 5025 Librae
865 4967 901 5025 ct
913 4955 1066 5047 Scorpii.
1140 4949 1235 5021 dinis
1256 4952 1443 5048 utriusque
1467 4965 1629 5046 tempora
1652 4955 1748 5026 inter
1770 4979 1808 5027 se
1827 4955 2049 5046 discrepant,
2082 4949 2141 5020 vel

189 5057 298 5130 Nunc
326 5069 557 5128 removeatur
585 5083 605 5126 a
639 5057 844 5130 cardinibus
868 5059 1086 5152 principium
1140 5053 1368 5138 adiiciamus,
1409 5055 1465 5124 vel
1491 5057 1733 5128 auferemusa
1760 5059 1927 5141 cardine,
1962 5057 2008 5124 ad
2031 5075 2140 5150 quem

94 5153 238 5246 Arietis,
288 5173 542 5255 statuaturque
575 5161 613 5230 in
645 5159 766 5232 medio
802 5162 925 5258 aliquo
957 5162 1087 5256 spatio.
1139 5157 1238 5228 locus
1251 5159 1468 5250 praecedens
1482 5159 1649 5232 refertur.
1705 5159 1811 5230 Utin
1826 5161 1989 5253 exemplo
2004 5157 2140 5251 priore,

93 5257 251 5358 Exempli
279 5265 419 5358 gratia,
460 5263 568 5336 distet
595 5265 633 5333 in
661 5267 910 5358 praecedentia
938 5265 1088 5335 anteri·
1141 5259 1313 5355 quoniam
1345 5261 1533 5334 cardinum
1559 5263 1830 5356 propositorum
1856 5261 2058 5336 differentia
2087 5273 2141 5332 est

94 5419 296 5440 *Ἢ
1142 5390 1346 5432 Ι-ι-σι-Ι-ιοι-η

124 5501 172 5564 tt)
188 5505 369 5571 gethaeum]
386 5499 436 5556 ld.
456 5501 531 5556 teu
550 5501 651 5567 emtas
663 5515 726 5556 cun
742 5501 830 5569 (Ptol.
847 5491 963 5568 trae).
1173 5497 1242 5567 ιν)
1259 5499 1481 5566 mtguatnusl
1498 5500 1548 5553 le
1562 5501 1637 5556 teet.
1657 5511 1756 5557 “rere
1772 5505 1903 5571 treugas
1925 5499 2121 5568 ωιμνιιυι.
