4844 6122
78 249 121 325 67
244 241 391 356 ΧΙΛῙΠ.1
433 242 832 318 INTERPRETATIO
858 242 1030 316 OPERIS
1056 237 1928 337 QUADuteAttrtrteror.EMAE1L1B.tt
2062 235 2116 312 68

81 427 318 494 commoveant
332 429 398 486 aut
410 415 481 508 ipsi
495 417 679 508 planetae,
705 430 769 488 aut
783 415 967 508 signorum
985 439 1070 508 par·
1122 414 1364 497 occidentem,
1413 415 1458 484 de
1489 413 1695 493 nocturnis;
1741 413 1786 482 de
1818 411 2121 498 diuturnioribus,

81 539 140 608 tes,
166 520 351 615 inquibus
367 519 541 599 existunt;
574 533 760 612 praeterea
787 520 825 588 in
850 543 957 613 quem
983 543 1068 588 ven·
1121 541 1203 588 curn
1226 515 1330 586 Luna
1353 518 1627 608 configuratum.
1687 516 1780 589 Nam
1802 515 1963 606 singulae
1984 516 2122 606 figurae

80 642 146 700 tum
172 636 294 716 vergat
324 633 437 718 atque
471 622 620 692 inclinet
639 621 742 694 Luna
775 623 965 692 latitudine
992 645 1069 706 sna,
1121 631 1388 710 tempestatem,
1424 621 1540 716 qualis
1558 627 1676 713 ‘usque
1703 622 1748 690 ad
1770 619 1974 711 proximam
1997 619 2118 688 fotura

81 730 258 802 secuudum
290 724 481 816 eclipticae
515 725 775 820 obliquitatem.
849 724 904 794 Ex
939 725 1068 819 quibus
1120 723 1185 806 sit,
1211 721 1394 792 declarare
1412 734 1686 794 consueverunt.
1746 723 1892 812 siergo
1915 721 2121 814 paralum,

85 833 239 902 omnibus
261 824 414 922 (notatis
436 827 658 922 potioribus)
684 827 860 898 mensium
887 829 1068 918 generales
1120 824 1302 917 caliginis,
1328 825 1532 910 varietatis,
1557 839 1592 894 et
1606 825 1756 896 nubium
1775 849 1900 918 expers
1913 825 1975 896 Sol
1992 825 2122 910 oritur,

91 947 196 1005 status
210 957 247 1000 ac
261 944 379 1000 ventos
393 952 698 1022 praecognoscere
716 931 927 1024 poterimus.

190 1049 292 1118 Tertia
314 1047 415 1118 ratio
441 1060 496 1118 est
517 1051 714 1120 subtilioris
738 1051 922 1126 cuiusdam
947 1049 1068 1118 obser-

102 1151 229 1222 vationis
251 1151 506 1222 remissionum
536 1165 571 1221 et
599 1153 864 1241 intensiouum,
908 1175 978 1248 qua
1002 1175 1069 1220 no·

93 1258 204 1325 enatae
219 1267 300 1325 sunt
320 1254 417 1326 Solis
435 1251 632 1350 Lunaeque
656 1256 891 1348 particulares
911 1254 1068 1344 conligu-

87 1359 247 1440 rationes,
271 1381 348 1426 non
369 1357 488 1428 solum
510 1359 548 1425 in
570 1359 774 1428 interluniis
800 1371 835 1428 et
849 1357 1068 1450 pleniluniis,

86 1463 138 1532 sed
153 1461 254 1530 etiam
268 1455 399 1530 barum
414 1460 573 1562 mediae,
600 1461 637 1532 id
657 1474 740 1546 est,
754 1463 961 1556 quadratae.
996 1459 1069 1530 Ubi

92 1565 452 1646 animadvertendum,
489 1563 609 1632 triduo
641 1565 715 1634 fere
747 1577 940 1658 antequam
964 1559 1066 1632 Luna

93 1691 181 1736 cursu
199 1691 262 1736 suo
284 1665 360 1736 Soli
386 1679 625 1760 exaequatur,
657 1666 695 1736 id
722 1679 794 1750 est,
818 1667 954 1736 triduo
985 1677 1067 1732 ante

91 1771 328 1864 quadraturas,
360 1791 625 1862 nonnunquam
644 1760 680 1838 e't
694 1770 815 1840 triduo
830 1781 931 1862 post,
959 1768 1068 1860 sigui-

94 1871 257 1944 licatioues
277 1871 521 1940 mutationum
545 1896 620 1942 sese
643 1897 829 1964 promere,
871 1896 950 1940 curn
984 1895 1068 1962 pro-

94 1987 162 2065 pter
182 1971 246 2044 hos
267 1974 359 2064 ipsos
380 1974 539 2064 positus,
578 1985 654 2042 tum
687 1987 723 2043 et
751 1973 860 2058 alios,
894 1971 1066 2042 nimirum

95 2077 250 2164 trigonus
264 2078 456 2164 adspectus,
483 2088 518 2144 et
532 2099 749 2167 sexagenos,
776 2101 817 2146 ac
839 2077 1067 2168 planetarum

109 2189 312 2244 caeterorum
331 2199 397 2246 cum
411 2176 518 2246 Luna
543 2180 855 2273 configurationes.
907 2178 1000 2248 Nam
1023 2203 1069 2248 er

109 2269 225 2346 horum
238 2290 349 2348 natura
365 2281 621 2350 convenienter
638 2281 849 2353 mutationis
866 2281 1068 2374 proprietas

100 2375 376 2471 deprehenditur,
429 2377 522 2477 qu'ae
565 2387 759 2475 respondet
795 2385 1067 2475 adspicientium

97 2485 256 2554 stellarum
286 2499 320 2555 et
345 2485 534 2575 signorum
572 2509 656 2578 erga
692 2487 972 2558 circumdantem
1002 2511 1070 2558 nos

100 2609 195 2656 aerem
220 2611 260 2656 ac
280 2599 408 2657 ventos
430 2588 679 2659 familiaritati.
823 2592 828 2602 '

176 2707 305 2781 Verum
317 2705 452 2779 harum
468 2708 627 2800 ipsarum
647 2709 917 2804 particularium
939 2710 1069 2782 consti-

92 2813 249 2882 tutionum
272 2812 498 2882 intensiones
521 2813 794 2884 remissionesve
816 2815 908 2885 hunt
927 2814 1069 2908 potissi-

89 2942 191 3000 ·om,
215 2917 278 2988 uhi
292 2915 535 2986 inerrantium
551 2917 736 2988 stellarum
762 2941 844 3002 eae,
878 2943 971 3012 quae
994 2943 1070 2988 ma·

85 3021 166 3088 rime
180 3020 333 3094 illustres
348 3031 436 3092 sunt
451 3030 486 3090 et
502 3019 678 3102 efficaces,
713 3043 820 3090 mane
846 3035 910 3092 aut
930 3022 1070 3114 vesperi

87 3123 246 3209 lulserint,
279 3149 365 3194 cum
390 3123 513 3216 ipsove
536 3121 618 3194 Sole
645 3122 857 3194 emerserint
879 3137 941 3196 aut
964 3129 1070 3196 decu-

86 3224 223 3299 buerint.
269 3225 421 3296 Etenim
438 3226 649 3322 plerumque
666 3225 921 3319 particularem
936 3240 1068 3300 statum

85 3331 124 3400 ad
139 3334 280 3402 modom
295 3353 446 3402 suarum
461 3343 673 3402 naturarum
693 3329 898 3402 immutant.

170 3449 268 3524 ldem
290 3451 526 3522 iudicandum
557 3465 610 3523 est
637 3452 802 3537 evenire,
841 3451 904 3522 uhi
931 3450 1068 3522 lumina

83 3556 230 3628 cardines
244 3568 449 3626 transeunt.
497 3557 556 3627 Ad
573 3555 681 3626 talem
699 3555 797 3625 enim
819 3580 944 3626 eorum
969 3551 1070 3625 habi-

82 3669 149 3728 tum
176 3657 347 3730 horariae
375 3657 596 3730 intensiones
618 3672 656 3729 et
676 3658 905 3731 remissiones
927 3660 1071 3728 varian-

81 3775 150 3842 turs
173 3766 266 3835 sicut
279 3766 327 3833 ad
341 3761 468 3832 Lunae
483 3776 623 3834 motum
645 3777 763 3836 aestus
784 3763 895 3836 maris
918 3763 1070 3847 cientur,

81 3878 177 3958 atque
190 3865 365 3945 refluxum
388 3867 546 3960 itemque
554 3865 656 3938 Luna
673 3867 837 3967 cardines
850 3879 1070 3952 transeunte,

83 3984 263 4039 uentorum
280 3968 450 4038 accidunt
465 3970 702 4054 mutationes,
737 3996 826 4065 quas
848 3971 925 4064 ipsa
950 3995 970 4039 a
995 3995 1069 4040 me-

85 4067 143 4138 dio
158 4071 247 4142 Solis
260 4073 386 4142 itinere
402 4073 589 4144 deflectens
605 4073 722 4144 efficit.
782 4071 926 4169 Ubique
949 4086 1067 4144 autem

81 4165 147 4241 hac
169 4177 358 4246 tenendum
384 4187 456 4258 est,
490 4179 587 4270 quod
610 4190 777 4268 praeeat,
814 4201 855 4246 ac
880 4177 1002 4268 potior
1024 4176 1070 4248 sit

80 4275 188 4366 prima
223 4291 331 4374 atque
367 4277 579 4350 universalis
615 4305 739 4360 causam
784 4293 955 4374 sequatur
981 4303 1068 4350 vcro

82 4377 151 4464 illa,
173 4403 193 4450 a
213 4407 283 4476 qua
300 4381 534 4474 particularia
562 4383 835 4474 proficiscuntur
859 4383 1069 4454 accidentia.

82 4477 165 4552 'lum
196 4510 283 4554 vero
318 4486 513 4556 roboretur
543 4500 649 4582 atque
682 4486 889 4556 intendatur
917 4487 1069 4572 effectio,

81 4607 152 4654 cum
185 4613 280 4684 quae
316 4589 512 4660 universali
543 4588 790 4660 constitutioni
834 4589 1070 4662 dominantur

77 4689 208 4776 satae,
231 4687 309 4774 bis,
336 4692 511 4785 aquibus
535 4692 702 4763 oriuntur
723 4691 975 4783 particularia,
1008 4695 1069 4762 ad-

76 4807 189 4882 spectu
205 4808 242 4864 et
256 4795 541 4886 configuratione
559 4820 635 4869 sese
653 4795 918 4866 coniunxerint.

275 5027 333 5096 De
356 5023 606 5116 maiam
625 5037 860 5101 'mmmm

166 5155 352 5228 Profuerit
367 5169 403 5227 et
417 5159 463 5226 ad
478 5158 750 5250 particularium
764 5157 1066 5250 sigulficationum

18 5271 20 5300 ³
74 5261 329 5348 pressiones,
370 5269 498 5331 notare
526 5261 646 5351 sigua,
687 5282 779 5356 quae
812 5262 909 5332 iuxta
933 5261 1068 5346 Solem,

72 5357 205 5434 Lunam
224 5377 259 5436 et
274 5363 397 5436 stellas
411 5377 597 5456 apparent.
638 5365 691 5436 hc
708 5363 827 5435 Solem
846 5363 1068 5435 intuebimur

74 5465 261 5558 orientem,
289 5465 528 5538 coniectaturi
551 5469 594 5538 de
620 5467 890 5561 tempestatibus
908 5467 1068 5548 diurniss

1119 929 1179 998 vel
1195 927 1343 1012 occidit,
1368 953 1530 1000 serenam
1550 941 1797 1021 tempestatem
1813 930 2015 1020 pollicetur.
2052 927 2118 998 Sin

1121 1031 1223 1100 vario
1239 1031 1345 1114 orbe,
1377 1031 1492 1129 aut¹⁸)
1514 1031 1683 1101 flammeo
1706 1032 1902 1125 prodierit,
1934 1029 2121 1115 abieritve,

1120 1144 1183 1204 aut
1197 1135 1366 1223 rubentes
1389 1135 1547 1204 emiserit
1566 1136 1710 1219 radios,
1740 1137 1814 1208 sive
1837 1136 1876 1204 in
1898 1147 2035 1206 rectum
2060 1157 2119 1204 ex·

1120 1248 1325 1328 porrectos,
1350 1236 1424 1306 sive
1439 1238 1477 1306 in
1491 1262 1568 1310 sese
1584 1251 1760 1324 retortos,
1793 1252 1854 1308 aut
1871 1264 1913 1308 ex
1926 1261 1997 1308 una
2016 1247 2119 1328 parte

1120 1339 1159 1406 in
1183 1338 1350 1408 subiectis
1373 1341 1529 1412 nubibus
1546 1365 1606 1426 ea,
1634 1367 1725 1436 quae
1747 1336 1910 1438 παρήλια
1932 1352 2121 1422 vocantur,

1118 1441 1305 1525 formarit,
1327 1444 1484 1516 nubesve
1501 1445 1678 1516 subrutilo
1689 1443 1734 1539 ¹⁰)
1752 1445 1898 1516 tinxerit
1914 1445 2057 1528 colore,
2084 1453 2121 1512 et
2161 1437 2172 1454 '

1120 1544 1224 1637 quasi
1254 1568 1318 1635 per
1350 1558 1443 1618 totas
1475 1548 1588 1618 nubes
1615 1548 1743 1640 longos
1766 1549 1965 1618 extenderit
1986 1546 2122 1630 radios,

1119 1642 1348 1716 vehementes
1363 1649 1539 1738 significat
1553 1649 1679 1734 llatus,
1706 1663 1897 1743 erupturos
1914 1652 1958 1720 ab
1977 1651 2044 1720 illo
2056 1673 2120 1718 au·

1120 1750 1225 1840 gulo,
1260 1774 1368 1840 penes
1393 1777 1500 1844 quem
1523 1753 1597 1822 visa
1620 1753 1692 1846 illa,
1704 1755 1941 1824 constiterint.
2006 1752 2118 1842 Niger

1120 1863 1183 1921 aut
1197 1852 1336 1922 luridus
1356 1853 1387 1926 si
1409 1855 1447 1922 in
1470 1868 1553 1925 ortu
1571 1881 1743 1928 occasuve
1758 1857 1988 1948 apparuerit,
2014 1856 2120 1927 nubi·

1119 1953 1258 2050 busque
1281 1955 1484 2042 involutus,
1520 1972 1583 2038 aut
1607 1983 1689 2030 area
1715 1960 1955 2032 circumdatus
1981 1984 2023 2028 ex
2045 1983 2117 2028 una

1120 2071 1244 2151 parte,
1270 2071 1333 2128 aut
1347 2073 1450 2151 parte
1466 2071 1619 2154 utraque
1637 2064 1801 2154 pareliis,
1825 2078 1887 2136 aut
1901 2063 2022 2132 radios
2038 2085 2121 2156 sup·

1120 2159 1274 2251 pallidos
1294 2161 1463 2254 nigrosve
1485 2167 1675 2258 sparserit,
1715 2163 1851 2240 hiemes
1880 2167 2041 2239 minatur
2067 2179 2121 2234 at·

1121 2287 1191 2358 que
1207 2261 1352 2335 imbres.

1222 2379 1365 2452 Lunam
1392 2387 1661 2458 observabimus
1690 2387 1729 2456 in
1758 2413 1824 2458 suo
1845 2388 1973 2458 itinere
1998 2388 2119 2458 triduo

1121 2497 1205 2556 aute
1220 2486 1277 2554 vel
1297 2499 1379 2578 post
1394 2489 1610 2574 interlunia,
1643 2503 1706 2560 aut
1730 2491 1949 2582 plenilunia,
1984 2505 2019 2561 et
2045 2516 2120 2560 me·

1121 2589 1220 2658 dium
1238 2600 1398 2681 tempus,
1425 2617 1497 2686 quo
1516 2615 1600 2683 erga
1616 2591 1736 2662 Solem
1760 2596 1972 2690 quadratur.
2023 2592 2119 2664 Nam

1121 2692 1151 2762 si
1167 2691 1266 2761 tenui
1281 2717 1445 2788 puraque
1462 2696 1540 2764 luce
1557 2694 1726 2781 nituerit,
1757 2693 1920 2792 nihilque
1937 2698 2036 2766 illam
2052 2696 2120 2766 cir-

1122 2794 1365 2880 cumdederit,
1399 2797 1627 2868 serenitatem
1651 2803 1816 2892 spondet.
1875 2801 1914 2871 si
1936 2800 2037 2872 tenui
2059 2825 2120 2871 ru-

1121 2899 1241 2971 buerit
1258 2901 1357 2982 luce,
1388 2912 1537 2996 totaque
1552 2904 1741 2996 perspicua
1757 2905 1834 2978 visa
1848 2905 1977 2989 suerit,
2011 2904 2120 2975 etiarn

1122 3028 1163 3074 ea
1180 3015 1302 3096 parte,
1329 3027 1422 3097 quae
1445 3005 1524 3074 luce
1547 3007 1773 3094 destituitur,
1805 3021 1933 3080 ventos
1955 3007 2122 3080 excitabit

1122 3107 1205 3177 inde
1221 3107 1398 3191 orituros,
1425 3133 1497 3202 quo
1515 3107 1592 3201 ipsa
1610 3111 1778 3182 declinat.
1836 3109 1968 3203 Nigra,
1996 3111 2121 3205 spissa,

1121 3209 1275 3305 pallida,
1298 3205 1435 3281 hiemes
1451 3223 1558 3306 atque
1573 3213 1706 3286 imbres
1723 3215 1895 3286 minatur.

1228 3329 1487 3402 Observandae
1520 3345 1604 3402 sunt
1635 3345 1671 3403 et
1700 3359 1824 3419 areae,
1865 3358 1956 3430 quae
1976 3329 2120 3402 Lunam

1123 3437 1341 3530 quandoque
1372 3433 1610 3508 circumdant.
1670 3437 1764 3509 Nam
1797 3437 1828 3509 si
1858 3463 1931 3508 una
1951 3435 2060 3507 suerit
2086 3445 2122 3506 et

1122 3559 1235 3630 pura,
1270 3537 1518 3636 paulatimque
1542 3533 1764 3613 marcescens
1788 3541 1995 3625 evanuerit,
2026 3564 2121 3611 sere-

1123 3641 1292 3722 nitatem;
1333 3639 1389 3711 sin
1411 3644 1503 3712 duae
1528 3655 1592 3713 aut
1614 3655 1706 3729 tres,
1746 3641 1882 3716 hiemes
1907 3645 2120 3737 significant.

1121 3743 1169 3816 Et
1197 3740 1264 3815 has
1293 3745 1460 3839 quidem,
1500 3746 1530 3816 si
1553 3749 1751 3818 subrubrae
1774 3749 1928 3833 suerint,
1960 3761 1996 3817 et
2017 3743 2121 3843 quasi

1121 3860 1335 3942 perruptae,
1370 3873 1450 3920 cum
1468 3847 1677 3942 impetuosis
1693 3877 1733 3921 ac
1748 3847 2018 3922 vehementibus
2034 3873 2121 3918 ven·

1121 3953 1166 4024 tis
1180 3952 1567 4026 invasurasdenotant.
1619 3955 1657 4025 si
1674 3955 1888 4050 caliginosae
1911 3978 1951 4023 ac
1974 3953 2120 4050 spissae,

1122 4082 1202 4127 cum
1220 4055 1380 4134 nivibus:
1407 4055 1436 4126 si
1456 4057 1614 4142 luridae,
1641 4059 1765 4151 nigrae
1790 4072 1824 4130 ct
1847 4059 2007 4147 lacerae,
2038 4082 2119 4126 cum

1120 4159 1293 4254 utrisque.
1327 4156 1495 4254 Denique
1511 4186 1582 4254 quo
1599 4163 1719 4254 plures
1734 4163 1869 4234 suerint
1884 4185 2001 4248 areae,
2017 4171 2120 4233 tantu

1122 4263 1277 4332 maiores
1307 4255 1444 4333 hiemes
1467 4269 1700 4355 portendunt.
1765 4265 1980 4338 Errantibus
2008 4274 2044 4334 et
2064 4263 2118 4332 in-

1122 4366 1325 4438 errantibus¹
1365 4367 1669 4458 splendidioribus
1717 4369 1951 4441 circumfusae
2001 4391 2119 4454 areae,

1121 4468 1341 4564 proprietate
1366 4469 1497 4541 coloris
1520 4471 1576 4541 sui
1599 4473 1813 4548 denuntiant
1837 4497 1898 4560 ea,
1938 4495 2031 4570 quae
2053 4495 2118 4539 na-

1121 4585 1223 4643 turae
1238 4573 1359 4642 ferunt
1373 4573 1571 4644 stellarum.

1224 4689 1466 4764 lnerrantium
1493 4692 1601 4762 etiam
1618 4693 1801 4766 minorum
1818 4693 1916 4764 velut
1932 4704 2119 4786 congestos

1121 4820 1268 4866 acervos
1293 4793 1549 4886 adspiciemus,
1576 4820 1649 4889 quo
1673 4797 1812 4880 colore,
1840 4820 1955 4892 quave
1979 4791 2117 4885 magni-

1122 4899 1244 4968 tudine
1260 4899 1461 4968 videantur.
1513 4893 1606 4968 Nam
1622 4897 1653 4972 si
1666 4899 1925 4992 splendidiores
1949 4897 2118 4988 grandio-

1120 5025 1248 5096 resque
1272 4999 1508 5092 apparuerint
1530 4997 1657 5086 solito,
1700 5025 1914 5096 quacunque
1946 5001 1985 5070 iu
2011 4999 2116 5092 plaga

1120 5103 1212 5174 coeli
1237 5103 1482 5186 constiterint,
1518 5101 1563 5170 ab
1590 5127 1630 5172 ea
1664 5116 1790 5176 ventos
1822 5103 2022 5197 spiraturus
2056 5104 2116 5171 de-

1125 5255 1331 5272 m

1153 5337 1201 5398 tt)
1220 5336 1546 5402 sermusculum
1565 5346 1662 5388 errore
1679 5337 1810 5402 typam-a
1835 5337 1901 5402 ert,
1929 5337 2002 5390 erut

1159 5423 1377 5561 wlsitwlllulo]
1395 5423 1446 5474 rt.
1461 5421 1538 5473 titt.
1556 5421 1630 5472 nale
1647 5419 1818 5476 transacta:
1849 5423 1901 5474 rub
1918 5423 2003 5478 rutilo
2027 5421 2117 5485 (etot

1188 5511 1207 5547 s
1248 5507 1275 5543 ιι
1294 5507 1355 5562 pc.
