4738 6090
283 226 361 309 m
866 217 991 294 rtur.
1027 218 1142 292 arun.
1176 175 1381 292 scauri
1414 213 1782 300 rumorosus,
2241 227 2303 306 aa

335 395 421 470 Illae
447 421 534 468 vero
555 394 661 478 inde,
700 405 825 486 utpote
849 395 947 486 apud
975 393 1129 466 amicum
1152 392 1284 464 Troia·
1389 390 1521 476 „Aliae
1567 417 1654 467 vero
1692 394 1739 466 ad
1777 417 1969 464 numerum
2010 397 2181 470 maloram
2216 411 2304 468 natae

706 521 837 570 uorum
851 498 991 588 puellae
1752 521 1886 574 sumus.

335 604 534 688 Sedebant,
560 613 722 672 tenentes
736 599 842 668 telam
857 598 1021 668 Edonias
1037 621 1185 682 manus,
1389 600 1472 670 Her.
1499 595 1566 682 „0
1581 597 1853 690 Agamemnon,
1880 596 2178 676 hominihusuon
2201 625 2307 672 conve

336 707 554 778 Laudabant
591 707 637 774 ad
671 703 785 773 lucem
820 701 906 782 solis
945 699 1049 773 hasce
1085 714 1286 794 spectantes
1751 702 1987 797 nituuquaru
2042 714 2128 804 1;..·

702 817 828 876 vestes.
1234 879 1237 886 ,
1390 855 1413 887 „
1423 803 1541 896 Quam
1562 804 1657 897 ipsas
1673 827 1730 874 res
1746 805 1906 896 linguam
1923 831 2025 898 posse
2043 811 2133 902 plau.

287 909 389 991 1155
415 908 571 1003 diluam)
585 904 714 978 hastile
731 903 937 978 Thracense
954 919 1172 999 spectantes,
1390 906 1491 990 „Sed
1508 907 1688 978 sibonum
1705 907 1807 991 fecit,
1833 910 1927 980 boua
1945 915 2134 1004 oportebat
2149 917 2271 1000 dicere;

337 1017 484 1088 Nudum
501 1037 559 1082 me
571 1013 733 1082 fecerunt
747 1009 882 1102 duplici
899 1023 1125 1081 ornamento.
1343 1009 1442 1080 1190
1470 1009 1541 1094 „Si
1555 1010 1710 1080 vicissim
1728 1011 1842 1095 mala,
1868 1035 2052 1087 sermones
2067 1021 2292 1112 esseputidos,

338 1119 442 1213 Quae
458 1141 545 1188 vero
561 1125 729 1207 parentes
746 1125 867 1194 erant,
894 1113 1158 1205 obstupefactae
1394 1111 1471 1198 „Et
1485 1137 1560 1181 non
1576 1137 1680 1204 posse
1697 1111 1828 1182 iniusta
1847 1115 1937 1185 bene
1954 1119 2072 1190 dicere
2089 1145 2250 1217 unquam.

338 1219 490 1292 Liberos
513 1219 551 1290 in
575 1217 741 1286 manibus
765 1215 995 1308 quatiebant,
1025 1227 1136 1309 utque
1162 1213 1289 1307 procul
1394 1215 1612 1306 „Sapientes
1636 1215 1782 1309 quidem
1806 1215 1915 1306 igitur
1940 1229 2042 1305 sunt',
2076 1226 2137 1318 qui
2165 1221 2245 1298 baec
2269 1253 2336 1302 ex»

716 1341 736 1388 a
761 1331 864 1410 patre
1319 1355 1320 1358 π
1752 1329 1829 1388 acte
1844 1343 1975 1393 ornare
1989 1341 2185 1412 noverunt,

339 1425 503 1508 Fierent,
530 1420 810 1494 successionibus
826 1421 1054 1491 alternabant
1070 1444 1211 1491 manus.
1394 1418 1496 1502 „Sed
1513 1443 1588 1490 non
1605 1433 1755 1512 possunt
1770 1423 1934 1496 adfinem
1950 1451 2025 1498 ease
2036 1431 2223 1522 sapientes.
2336 1472 2337 1496 t

290 1529 390 1604 1160
414 1527 462 1600 Et
484 1526 613 1598 deinde
637 1549 680 1596 ex
702 1523 849 1596 occultis
879 1525 984 1620 (quid
1007 1521 1192 1618 videturi)
1217 1522 1288 1594 tol·
1394 1521 1522 1604 „Male
1541 1547 1627 1594 vero
1643 1524 1848 1616 perierunt,
1881 1539 1917 1597 et
1939 1555 2015 1600 non
2038 1533 2119 1627 quis
2144 1533 2249 1604 evasit
2266 1534 2313 1604 ad·

700 1628 735 1698 lo
765 1626 833 1696 uiis
1756 1623 1902 1701 huam.

340 1735 469 1805 Statim
486 1730 721 1823 corripientes
738 1653 838 1800 lluses
856 1752 898 1797 ex
912 1729 1068 1799 vestibus
1085 1728 1249 1798 alicunde
1344 1722 1444 1798 1195
1469 1725 1517 1796 Et
1534 1723 1635 1813 mihi,
1651 1730 1748 1823 quod
1765 1732 1811 1799 ad
1826 1744 1860 1799 te
1873 1630 2015 1820 lttinet,
2032 1737 2083 1808 sic
2098 1737 2136 1806 in
2145 1736 2314 1830 prooemiis

341 1836 563 1910 Confodiunt
577 1857 719 1927 pueros.
752 1832 856 1902 Aliae
872 1855 957 1902 vero
973 1828 1130 1904 hostium
1150 1832 1264 1902 instar
1412 1857 1413 1861 ¹
1764 1826 1884 1906 habet.

342 1941 588 2034 Corripientes
604 1961 700 2005 meas
716 1935 888 2004 tenebant
904 1959 1052 2019 manus,
1394 1933 1452 2002 Ad
1471 1928 1568 2003 hunc
1583 1957 1670 2003 vero
1686 1935 1780 2004 vado
1796 1948 1831 2004 et
1847 1939 1966 2010 verbis
1982 1946 2219 2035 respondebo.

338 2043 573 2116 Etmembra.
598 2039 699 2110 Filiis
714 2062 800 2108 vero
816 2062 921 2130 opem
936 2040 1029 2108 ferre
1045 2037 1168 2108 volens
1181 2035 1289 2120 meis,
1395 2036 1591 2130 Quomodo
1617 2036 1670 2108 ais
1694 2049 1729 2108 te
1754 2037 1977 2112 Graecorum
2010 2049 2174 2118 laborem
2196 2043 2318 2116 vitando

291 2143 392 2220 1165
418 2147 455 2218 si
470 2145 615 2241 quidem
632 2143 761 2212 faciem
779 2141 950 2232 erigerem
966 2163 1105 2224 meam,
1748 2141 1947 2234 duplicem,
2274 2207 2278 2220 .

342 2247 718 2344 Capilloretinebant;
746 2245 879 2316 sivero
897 2269 1081 2316 moverem
1097 2267 1267 2326 manum,
1394 2243 1752 2340 Agamemnonisque
1780 2248 1895 2336 gratia
1923 2247 2041 2320 filiurn
2078 2277 2194 2324 meum
2225 2251 2318 2316 inter-

340 2355 434 2426 Prae
466 2351 698 2422 multitudine
731 2347 926 2419 mulierum
965 2344 1058 2418 nihil
1092 2347 1288 2418 efficiebam
1758 2348 1907 2420 fecisse?

709 2452 830 2524 miser.
1397 2447 1486 2532 Sed,
1514 2475 1536 2518 o
1552 2448 1724 2544 pessime,
1751 2450 1910 2542 primum
1929 2477 2124 2552 nunquam
2142 2457 2275 2529 amicum

339 2559 529 2632 Postremo
546 2557 676 2628 deinde
692 2554 947 2638 calamitatem,
973 2554 1179 2648 plusquam
1197 2549 1291 2619 cala·
1348 2553 1448 2628 1200
1473 2551 1676 2624 Barbarum
1692 2557 1752 2624 fiet
1767 2554 1914 2627 Graecis
1931 2581 2069 2648 genus,

706 2658 869 2728 mitatem
1397 2656 1472 2729 Nec
1494 2681 1655 2752 unquam
1678 2669 1797 2752 potest
1819 2659 1909 2730 fieri.
1976 2659 2049 2732 Cui
2074 2689 2160 2736 uero
2181 2685 2257 2733 narn
2278 2679 2321 2726 ca-

342 2763 649 2856 Perpetraverunt
664 2761 841 2834 ferociter.
894 2759 1062 2830 Meorum
1087 2756 1182 2828 enim
1208 2781 1292 2830 ocu·
1756 2773 1862 2852 ptans
1890 2763 2052 2836 officium
2129 2815 2133 2826 ·
2258 2803 2263 2812 .

705 2865 845 2950 lorum,
1353 2887 1356 2892 ’
1398 2862 1491 2932 Tam
1506 2861 1820 2956 promptuserasl'
1840 2879 1962 2936 utrum
1988 2867 2180 2944 iuncturus
2198 2863 2324 2938 affinita-

296 2967 397 3041 1170
430 2967 576 3042 Fibulas
610 2993 690 3040 curn
723 2967 998 3062 corripuissent,
1043 2963 1202 3036 infelices
1227 2987 1293 3056 pu·
1392 2991 1395 2998 ·
1758 2979 1830 3036 tem
1854 2970 2043 3065 aliquam?

410 3157 421 3165 ,
708 3072 812 3166 pulas
1397 3067 1472 3140 Aut
1488 3081 1659 3162 cognatus
1675 3069 1851 3142 existens?
1874 3073 1959 3144 'Aut
1979 3101 2184 3170 quamnam
2207 3092 2323 3146 cauum

342 3173 521 3260 Fodiunt,
547 3187 755 3261 cruentant,
782 3173 911 3244 deinde
925 3197 993 3266 per
1006 3184 1139 3244 tectum
1662 3174 1666 3192 ¹
1758 3169 1920 3248 habens?
2131 3201 2146 3238 s

343 3275 503 3370 fugaces
519 3279 697 3351 abierunt.
748 3277 1011 3348 Exiliensvero
1029 3299 1096 3367 ego
1250 3281 1263 3292 ‘
1397 3274 1472 3347 Aut
1491 3287 1575 3346 tuae
1592 3287 1695 3346 eraut
1712 3288 1829 3347 terrae
1847 3279 1998 3351 excisuri
2014 3285 2182 3378 germina

343 3380 435 3452 Fera
451 3383 554 3477 quasi
570 3382 812 3478 persequebar
829 3392 995 3451 cruentas
1017 3402 1141 3460 canes,
1351 3376 1451 3455 1205
1476 3379 1681 3452 Redeuntes
1697 3382 1866 3452 rursum?
1890 3383 1958 3455 Cui
1970 3403 2080 3477 putas
2096 3383 2325 3484 persuasurum

346 3483 483 3556 Omnes
498 3499 662 3558 scrutans
682 3485 832 3576 angulos
848 3483 951 3576 quasi
966 3494 1120 3552 venator
1766 3509 1841 3557 esse
1865 3483 1979 3558 haec?

296 3586 396 3665 1175
421 3588 621 3674 Deiicieus,
656 3591 835 3679 frangens.
893 3585 1020 3670 Talia,
1055 3586 1140 3655 dum
1168 3582 1294 3654 studeo
1398 3586 1540 3657 Aurum
1560 3582 1607 3680 (si
1622 3586 1709 3658 velis
1727 3611 1811 3658 vera
1828 3589 1965 3686 dicere)

590 3731 592 3736 ·
707 3715 775 3786 pro
801 3703 862 3760 tua
886 3688 1022 3782 gratia,
1398 3686 1581 3760 interfecit
1595 3713 1715 3760 meum
1731 3692 1866 3778 filiurn,
1892 3707 1929 3764 et
1944 3697 2046 3767 lucra
2069 3711 2146 3767 tua.

345 3798 477 3868 Passus
493 3819 571 3866 sum
588 3790 729 3866 hostem
746 3807 848 3864 tuum
865 3791 1102 3875 interficiens,
1400 3792 1705 3888 Quandoquidem
1721 3797 1809 3866 doce
1823 3822 1882 3868 me
1896 3796 1983 3884 boc,
2019 3823 2158 3893 quare,
2180 3827 2257 3874 cum
2272 3801 2329 3869 erat

346 3901 667 3992 OAgamemnon;
704 3909 745 3968 ut
760 3922 847 3992 vero
865 3921 940 3967 uon
955 3897 1084 3987 longos
1106 3893 1294 3964 extendam
1762 3903 1847 3972 felix

711 4025 913 4074 sermones:
1402 4001 1535 4088 Troia,
1577 4014 1613 4072 et
1636 4003 1797 4099 undique
1820 4006 1859 4076 in
1880 4005 2033 4078 circuitu
2057 4008 2173 4082 turris
2201 4001 2332 4078 babebat

348 4107 387 4178 Si
403 4107 483 4202 quis
498 4104 709 4178 mulieribus
727 4129 769 4174 er
785 4105 966 4197 prioribus
982 4100 1073 4172 dixit
1086 4099 1198 4183 male,
1397 4109 1401 4116 ’
1762 4106 1878 4181 adhuc
1901 4112 2053 4195 urbem,

348 4209 422 4280 Aut
437 4235 533 4280 nunc
546 4209 667 4280 diceus
686 4209 845 4302 estquis,
865 4221 927 4278 aut
942 4208 1083 4276 futurus
1102 4215 1154 4274 est
1167 4202 1297 4287 dicere,
1352 4211 1452 4286 1210
1478 4203 1702 4307 Vivebatque
1725 4212 1913 4298 Priamus,
1938 4213 2183 4309 Hector-isque
2206 4207 2334 4282 florebat

300 4315 402 4388 1180
429 4313 561 4384 Omnia
578 4309 666 4382 baec
681 4312 719 4380 in
735 4311 988 4404 compendium
1008 4331 1073 4398 ego
1091 4306 1227 4384 dicam3
1751 4302 1887 4400 hasta,
1967 4366 1970 4372 .

351 4416 505 4503 „Genus
521 4415 616 4484 enim
633 4439 751 4510 neque
766 4427 898 4506 pontus
913 4435 1029 4506 neque
1046 4422 1140 4479 terra
1157 4405 1274 4478 nutrit
1401 4417 1523 4510 Quare
1540 4441 1614 4486 non
1630 4429 1706 4487 tum
1724 4417 1770 4513 (si
1786 4422 1929 4514 quidem
1941 4413 2027 4488 huie
2037 4419 2189 4492 voluisti
2204 4413 2335 4510 gratiam

349 4519 482 4605 „Tale
520 4516 583 4586 llle
599 4542 707 4602 vero,
728 4541 869 4609 semper
884 4516 947 4612 qui
962 4512 1106 4595 incidit,
1131 4510 1245 4580 novit·
1401 4521 1543 4590 Ponere
1553 4520 1580 4612 ,)
1595 4521 1759 4595 nutriens
1774 4525 1886 4594 lilium
1904 4524 1991 4591 etin
2009 4523 2127 4594 domo
2144 4520 2277 4594 habens

350 4623 449 4697 ctor.
481 4619 535 4693 Ne
557 4621 723 4691 1810111111·
744 4622 832 4715 quid
854 4621 970 4702 (1ῑῦ35,
1009 4637 1128 4709 neque
1155 4637 1198 4682 0¹
1227 4611 1297 4682 11118
1401 4621 1637 4694 lnterfecisti?
1679 4639 1741 4697 aut
1760 4627 1940 4697 viventem
1966 4625 2103 4698 venisti
2130 4630 2177 4698 ad
2200 4626 2337 4696 Graecos

710 4723 815 4794 malis
922 4755 925 4768 ·
1766 4727 1922 4802 ducens?

349 4826 527 4899 Muliebre
558 4851 670 4920 genus
701 4827 908 4906 1011111111,
954 4821 1004 4892 8ῑῦ
1037 4843 1145 4891 Omne
1176 4843 1297 4911 repre·
1400 4831 1470 4902 Sed
1485 4831 1631 4925 quando
1646 4855 1713 4902 nos
1727 4857 1802 4903 non
1818 4831 1971 4926 amplius
1988 4855 2140 4906 eramus
2156 4831 2300 4908 infuse,

716 4923 865 4999 bendas.
1352 4931 1453 5011 1215
1479 4935 1595 5005 Fumo
1611 4936 1878 5030 significabatur
1892 4938 1977 5008 urbs
1993 4937 2062 5007 sub
2078 4933 2261 5014 hostibus,

300 5030 400 5108 1105
426 5032 595 5120 „Multae
627 5009 773 5126 quidem
804 5055 847 5101 ex
877 5025 1001 5110 1101111,
1035 5025 1125 5096 aliae
1150 5023 1295 5118 quidem
1400 5039 1588 5134 Hospitem
1613 5039 1821 5111 interfecisti
1846 5055 1948 5112 tuum
1974 5043 2210 5112 accedentem
2232 5035 2275 5106 ad
2299 5027 2340 5096 fo

712 5143 797 5204 sunt
814 5131 1043 5225 praeclarae,
1156 5211 1161 5222 Ι
1467 5179 1472 5184 -
1762 5169 1856 5218 cum,

1130 5217 1163 5298 ‚f

333 5409 385 5468 st)
402 5407 500 5469 Attae]
517 5401 560 5457 alo
576 5405 653 5456 recto
670 5399 721 5472 (ι-
729 5400 825 5466 ltnrlp.
839 5395 950 5470 'tuost
970 5399 1054 5454 rota.
1072 5401 1173 5468 narn,
1191 5399 1297 5466 Horu.
1387 5389 1437 5461 11)
1456 5391 1527 5444 liuto
1548 5391 1612 5444 loeo
1634 5405 1678 5444 vs.
1697 5391 1891 5446 rtet-stas.
1916 5389 2013 5474 1111.
2037 5389 2119 5446 1562.
2145 5381 2286 5448 1111111111
2306 5371 2342 5425 ⁶⁵⁸

370 5479 399 5529 ot
415 5477 498 5534 rim
518 5475 569 5528 tto.
589 5473 666 5528 1111.
682 5474 773 5528 nator
797 5473 869 5528 sus.
1419 5465 1488 5516 note
1504 5464 1636 5529 ursin:
1659 5464 1692 5514 ln
1708 5463 1841 5514 mutieres
1859 5463 1959 5514 oratio.

1354 5303 1558 5315 ..ευ-..-
