4692 6092
248 177 372 302 'sor'
866 221 991 296 rau,
1023 219 1140 296 uer„
1171 221 1376 296 sennem
1406 219 1748 298 rmcococrca
2238 231 2297 310 su

279 395 357 472 810
379 393 496 466 Aedes
523 393 610 466 istas
633 392 801 481 audiens,
825 391 847 434 ¹*
870 407 1010 468 senecta
1037 397 1233 469 tremulum
1380 397 1555 468 Pereant:
1581 397 1656 470 sive
1678 399 1844 483 serrum,
1866 397 1941 469 sire
1959 396 2155 487 dissidium,

329 496 511 570 lucessum
544 499 646 592 pedis
679 494 798 570 traho.
851 499 980 586 Ofili,
1015 512 1099 592 post
1125 501 1275 596 longum
1329 498 1406 576 855
1428 500 1510 572 Sive
1533 515 1636 594 pater
1657 515 1739 574 tuus
1767 503 1805 572 in
1829 525 1933 574 causa
1961 513 2032 586 est,
2051 495 2270 577 *siveiatum

694 602 937 686 intervallum,
1379 605 1589 676 Petulanter
1611 607 1744 677 invasit
1774 607 1924 677 domum
1947 605 2098 698 Oedipi:
2176 645 2181 655 ·

329 704 378 778 Et
396 717 481 798 post
501 707 635 776 multos
658 705 733 776 dies
759 707 920 798 adspicio
943 708 1087 778 oculum
1109 720 1225 782 tuum.
1381 707 1438 778 Ad
1463 733 1521 778 me
1545 709 1696 781 veniunt
1715 710 1868 782 dolores
1890 705 2022 780 horum
2048 711 2230 786 malorum.

327 810 554 902 Amplectere
575 810 686 880 ubera
709 809 835 879 matris
859 806 1017 882 brachiis
1039 812 1110 883 tuis
1384 815 1482 886 Cher.
1499 813 1666 898 „Partus,
1680 813 1743 909 qui
1770 815 1945 896 eduntur,
1960 814 2087 884 dolore
2101 810 2303 888 vehementer

280 908 357 986 315
376 912 424 983 Et
440 913 585 984 delicias
609 924 801 1004 genarum,
818 907 840 948 ¹'
857 927 893 984 et
907 939 1015 987 canas
1031 937 1153 986 comas
1168 913 1278 1007 cepil·
1752 928 1902 986 movent
1920 915 2127 1015 matres⁸⁸):

688 1016 822 1102 lorum,
1384 1017 1592 1102 „Actutum
1610 1043 1721 1110 genus
1739 1019 2111 1090 muliebreamansest
2124 1020 2305 1096 liberomm.

332 1119 565 1195 Obumbrans
582 1117 714 1188 collum
738 1144 873 1192 meum.
1333 1121 1410 1194 560
1433 1125 1506 1194 Pol.
1528 1121 1668 1207 Mater,
1695 1124 1787 1194 bene
1803 1135 1838 1192 et
1853 1145 1928 1191 non
1942 1123 2033 1194 bene
2052 1124 2227 1216 cogitans,
2241 1125 2305 1194 veni

331 1223 393 1312 lo,
435 1225 496 1296 vix
529 1247 708 1316 apparens
747 1235 892 1315 praeter
924 1247 1024 1317 spem
1060 1236 1096 1294 et
1134 1234 1280 1317 praeter
1385 1225 1443 1295 Ad
1468 1227 1564 1298 viros
1590 1226 1774 1306 inimicos;
1798 1227 1862 1296 sed
1882 1249 2026 1297 necesse
2048 1239 2102 1298 est

701 1327 911 1421 opinionem
1388 1328 1557 1415 „Omnes
1580 1353 1702 1398 amare
1721 1328 1899 1421 patriam;
1922 1329 1986 1424 qui
2009 1330 2115 1400 aliter
2133 1327 2227 1412 dicit,

329 1429 374 1505 In
392 1427 549 1506 brachiis
565 1431 712 1518 matris,
740 1433 927 1526 quomodo
945 1430 1169 1522 compellabo
1191 1427 1253 1500 te?
1388 1431 1548 1517 „Verbis
1570 1433 1786 1516 delectatur,
1812 1444 1970 1502 mentem
1994 1457 2084 1503 vero
2109 1433 2181 1504 illic
2201 1427 2299 1502 habet.

658 1568 659 1572 ¹
702 1537 888 1632 quomodo
907 1533 973 1604 tibi
990 1537 1111 1604 omnia
1137 1529 1280 1605 dicam?
1386 1537 1488 1606 Adeo
1515 1548 1633 1606 autem
1651 1537 1696 1605 ad
1722 1536 1846 1608 turbas
1870 1548 1911 1605 et·
1921 1537 2091 1606 timorem
2107 1548 2247 1606 ventum
2261 1545 2307 1618 est,

336 1639 495 1734 Quando
528 1640 697 1710 manibus
732 1652 767 1710 et
793 1640 913 1710 verbis
945 1638 1183 1731 multiplicem
1216 1661 1281 1707 vo·
1336 1637 1413 1714 865
1437 1641 1492 1712 Ne
1510 1641 1590 1734 quis
1620 1639 1724 1709 dolus
1747 1663 1767 1707 a
1793 1639 1905 1708 fratre
1928 1665 1987 1709 me
2011 1639 2165 1724 occidat,

692 1743 882 1836 luptatem,
1387 1743 1440 1814 Ut
1460 1739 1596 1815 habens
1615 1767 1763 1814 manum
1788 1755 1964 1811 armatam
1987 1745 2109 1834 gladio
2126 1763 2192 1834 per
2206 1739 2308 1809 urben

284 1847 361 1924 320
382 1845 463 1920 Huc
483 1845 619 1918 ctilloc
642 1847 895 1932 inambulans,
918 1857 953 1914 et
975 1843 1254 1916 delectationem
1387 1846 1560 1918 Venerim
1595 1847 1850 1917 circumferens
1883 1846 2036 1920 vultum.
2116 1846 2234 1916 Unum
2264 1864 2305 1910 me

256 2019 260 2034 ‚
333 1950 474 2022 Veteris
498 1953 621 2042 gaudii
644 1949 845 2044 accipiam?
898 1947 1012 2032 Ofili,
1754 1947 1905 2034 iuvabit,

330 2053 525 2150 Reliquisti
547 2068 735 2149 paternam
758 2057 909 2125 domum
934 2055 1126 2136 desertam,
1388 2051 1558 2126 Induciae
1580 2063 1616 2122 et
1636 2064 1697 2124 tna
1724 2055 1832 2136 lides,
1852 2075 1945 2147 quae
1964 2075 2024 2122 me
2046 2049 2244 2124 introduxit

333 2158 428 2233 Exul
452 2159 581 2232 missus
599 2159 725 2232 'fratris
749 2158 895 2228 iniuria.
1386 2155 1485 2228 lntra
1521 2157 1666 2228 moenia
1701 2169 1865 2251 paterna.
1933 2151 2026 2225 Veni
2059 2181 2148 2227 vero
2182 2152 2306 2224 multum

281 2260 360 2346 825
378 2264 497 2360 Quam
512 2264 735 2338 desideratus
751 2263 888 2347 amicis,
901 2255 922 2298 *⁸
933 2283 1043 2356 quam
1058 2256 1283 2330 desideratus
1751 2255 1993 2352 lachrymam,

696 2363 849 2438 Thebis!
1337 2362 1413 2434 570
1445 2361 1534 2434 Post
1554 2362 1704 2454 longum
1726 2373 1869 2454 tempus
1888 2362 2014 2433 videns
2038 2363 2162 2433 aulam
2186 2371 2219 2430 et
2233 2357 2306 2426 iocos

333 2473 442 2545 Unde
460 2469 534 2544 rasi
555 2495 664 2544 canos
686 2497 800 2556 meos,
1759 2465 1936 2550 Deorum,

336 2578 533 2648 Dimittens
555 2577 703 2669 capillos
726 2579 887 2650 funestos
910 2581 946 2641 ct
967 2571 1165 2654 luctuosos,
1389 2567 1437 2640 Et
1473 2565 1681 2664 gymnasia,
1724 2569 1764 2637 in
1799 2569 1929 2664 quibus
1961 2567 2123 2638 nutritus
2156 2588 2247 2644 snm,
2284 2567 2308 2625 el

337 2681 385 2753 Et
406 2703 482 2750 non
505 2680 631 2752 induta
656 2706 735 2752 sum
761 2676 923 2752 candidis
948 2674 1123 2748 vestibus:
1149 2697 1171 2742 ο
1192 2669 1257 2756 fili,
1752 2695 1884 2766 aquam
1909 2669 2046 2766 Dirces,

337 2788 446 2858 Atras
468 2795 503 2856 et
528 2785 709 2879 squalidas
733 2779 800 2854 has
822 2779 979 2852 tenebris
1006 2779 1113 2848 aedes
1390 2772 1423 2844 A
1450 2774 1580 2868 quibus
1597 2797 1671 2844 non
1688 2773 1779 2846 iuste
1797 2775 1939 2870 pulsus,
1965 2775 2194 2868 peregrinam
2209 2767 2308 2841 urben

287 2891 365 2973 330
395 2887 536 2969 lncolo;
558 2913 665 2960 senex
687 2889 726 2957 in
752 2889 863 2956 domo
1393 2878 1548 2963 Habito,
1570 2874 1709 2950 habens
1732 2881 1939 2971 adspectum
1963 2901 2028 2970 per
2050 2877 2175 2948 oculos
2197 2865 2309 2960 lachry-
2332 2883 2333 2894 ¹

335 2993 579 3079 Excaecatus,
606 2985 846 3083 ium'enuffl)
872 2984 1053 3079 comparis
1752 2994 1926 3055 mantem.
2333 3012 2334 3082 q

337 3107 448 3194 Eius,
474 3109 572 3200 quod
586 3085 876 3194 abiunctumffi)
892 3116 911 3160 a
927 3113 991 3162 sua
1008 3087 1167 3172 familia,
1192 3085 1286 3157 desi·
1396 3087 1452 3158 Ex
1476 3085 1547 3156 illis
1570 3084 1756 3156 doloribus
1777 3085 1866 3156 meis
1889 3097 1925 3154 te
1947 3083 2063 3152 video
2078 3083 2203 3154 dolore

702 3203 843 3274 derium
864 3191 1133 3289 lachrymosum
1345 3188 1422 3266 375
1445 3189 1620 3263 Affectam
1644 3187 1760 3282 eapite
1785 3213 1905 3260 rasam
1928 3199 1963 3257 et
1984 3183 2150 3261 luctuosa
2172 3193 2268 3254 reste.

344 3314 495 3406 Semper
517 3308 673 3394 habens,
696 3306 823 3379 insiliit
846 3300 1019 3394 gladium,
1395 3295 1477 3365 Heu
1498 3315 1580 3364 mea
1603 3292 1718 3378 mala!
2241 3383 2248 3401 Ι

291 3413 370 3492 885
393 3417 445 3488 Ut
458 3417 527 3493 sihi
552 3427 707 3485 mortem
733 3407 987 3486 conscisceret,
1003 3395 1025 3436 *
1041 3399 1286 3471 ctinsumma
1396 3397 1548 3492 „Quam
1574 3395 1705 3468 misera
1733 3419 1790 3465 res
1806 3405 1876 3478 est,
1898 3417 1920 3462 o
1945 3405 2084 3480 mater,
2106 3392 2225 3463 odium
2239 3393 2308 3452 111str

712 3526 815 3607 parte
838 3509 984 3582 aedium
1757 3493 2041 3593 domesticos⁸⁴)‚

344 3624 388 3698 ln
429 3619 750 3716 strangulationem
798 3609 970 3708 prorupit
1011 3629 1091 3676 cum
1142 3602 1304 3696 gemitu,'
1397 3601 1476 3692 „Et
1504 3627 1612 3698 qnam
1636 3601 1780 3672 difficile
1799 3599 2100 3671 reconciliantur!

709 3743 877 3792 execrans
899 3715 1032 3783 liberos
1398 3706 1496 3802 Quid
1517 3707 1592 3799 agit
1612 3718 1716 3798 pater
1736 3729 1844 3778 senex
1868 3704 1907 3773 in
1931 3703 2081 3774 aedibus

345 3835 436 3909 Cum
460 3825 779 3901 vociferationibus
805 3818 1036 3918 querelarum
1067 3810 1105 3880 in
1131 3807 1290 3879 tenebris
1344 3813 1421 3887 580
1444 3810 1580 3883 Videns
1603 3807 1795 3880 tenebras?
1819 3807 1906 3903 quid
1920 3829 2032 3900 porro
2056 3827 2200 3877 sorores
2220 3785 2309 3870 duae?

344 3937 568 4012 Occultatur.
620 3931 675 4004 Te
697 3953 802 4012 vero,
825 3950 846 3996 o
867 3921 937 4006 lili,
960 3916 1069 3988 audio
1094 3911 1275 3984 connubio
1398 3918 1456 3988 An
1484 3937 1561 3984 non
1585 3913 1738 3984 miserae
1761 3925 1910 4004 gemunt
1932 3909 2077 3982 exilium
2100 3903 2242 3979 meum?
2272 3999 2280 4016 ·

294 4045 372 4120 840
397 4041 661 4122 Coniunctum,
685 4031 910 4122 coniugalem
934 4023 1159 4112 voluptatem
1394 4024 1463 4092 loc.
1489 4017 1631 4112 Aliquis
1652 4015 1750 4090 Deus
1774 4017 1868 4086 male
1890 4013 2011 4108 perdit
2030 4037 2144 4105 genus
2165 4004 2290 4096 Oedipt·

344 4149 487 4220 Habere
510 4145 549 4218 in
575 4153 721 4212 externa
748 4149 843 4206 terra
867 4143 902 4202 et
923 4123 1136 4221 peregrinos
1398 4124 1457 4193 Sic
1475 4121 1571 4190 enim
1590 4119 1784 4217 coepit⁸⁸)‚
1807 4133 1848 4190 ut
1864 4143 1930 4210 ego
1949 4141 2116 4210 parerem
2134 4125 2250 4186 contra
2264 4103 2310 4178 us,

347 4255 484 4326 Curare
509 4249 644 4318 ailines.
696 4241 793 4310 llaec
807 4247 892 4309 sunt
907 4225 1150 4300 intolerabilia
1169 4221 1291 4306 matri,
1397 4225 1445 4296 Et
1466 4238 1507 4298 ut
1522 4225 1615 4294 male
1642 4227 1790 4295 duceret
1814 4247 1962 4292 uxorem
1978 4234 2082 4314 pater
2105 4233 2207 4301 tuus,
2225 4221 2311 4302 tuque

296 4353 374 4434 545
403 4353 451 4426 Et
472 4349 564 4422 Laio
591 4371 660 4419 avo
682 4359 767 4428 tuo,
791 4335 812 4378 *⁸
837 4335 1047 4430 nuptiarum
1072 4353 1146 4401 esse
1174 4349 1291 4397 aecer·
1764 4325 1975 4398 nascereris.
2280 4407 2286 4425 ι

710 4447 815 4519 sitam
840 4463 985 4511 noxam.
1344 4426 1421 4505 385
1444 4429 1581 4501 Verum
1591 4433 1637 4500 ad
1655 4429 1742 4526 quid
1758 4425 1870 4500 haec?
1900 4427 2081 4522 „Oportet
2096 4412 2311 4497 ferrelatalu·

346 4563 474 4656 Neque
498 4581 564 4650 ego
584 4556 708 4624 lumen
730 4549 823 4642 ignis
848 4540 993 4614 accendi
1017 4534 1083 4608 tibi
1397 4535 1595 4629 Quomodo
1631 4547 1752 4605 autem
1785 4534 2025 4628 interrogem,
2064 4555 2112 4602 ne
2153 4523 2311 4599 mordeam

349 4665 391 4738 ln
408 4661 544 4754 nuptiis
568 4655 745 4750 legitime,
767 4665 809 4722 ut
828 4651 926 4718 decet
951 4654 1104 4712 matrem
1129 4638 1293 4718 beatam;
1756 4649 1859 4708 tuum
1885 4637 2060 4719 animum,

351 4773 426 4848 Nee
449 4763 610 4838 lsmenus
633 4756 772 4831 curavit
795 4751 1058 4847 Hymenaeum,
1399 4742 1539 4827 Metuo,
1556 4765 1648 4837 quae
1661 4741 1765 4822 volo;
1781 4739 1882 4811 venis
1898 4740 1993 4810 enim
2003 4737 2094 4810 mibi
2105 4733 2309 4808 desideratus

299 4873 378 4952 850
401 4871 475 4966 Qui
491 4893 533 4941 ex
548 4863 686 4938 balneis
709 4869 849 4932 constat
864 4851 1092 4925 deliciarum3
1118 4867 1183 4936 per
1197 4837 1293 4912 The·
1398 4849 1473 4920 Pul.
1496 4847 1661 4941 Quaere,
1682 4840 1775 4914 nihil
1799 4843 1956 4915 omittas.

711 4965 845 5033 bartam
869 4957 997 5028 urbem
1400 4951 1635 5046 „Quaeenim
1650 4962 1691 5019 tu
1704 4949 1770 5034 vis,
1787 4972 1828 5018 ea
1839 4943 1974 5019 etmihi
1987 4957 2089 5038 grata
2097 4951 2193 5026 sunt,
2208 4939 2310 5007 mater·

351 5076 573 5152 Praeteritus
598 5083 652 5144 est
673 5065 817 5141 silentio
840 5063 1018 5154 ingressus
1032 5068 1114 5128 tuae
1130 5075 1293 5147 sponsae.
1347 5130 1551 5141 ..-----,.

305 5231 513 5259 ---···
1382 5214 1431 5282 sa)
1451 5217 1486 5269 a.
1504 5219 1522 5268 t.
1540 5215 1569 5268 aa
1586 5215 1671 5269 nette.
1687 5215 1773 5280 reae,
1794 5215 1871 5268 asse.
1888 5173 1956 5264 nou
1973 5211 2109 5278 margins
2125 5207 2237 5258 mum
2250 5194 2310 5248 ue

338 5311 552 5456 ”lirirlbresiili
575 5309 618 5362 ὼ
639 5305 724 5360 Em
747 5301 839 5366 lm,
866 5297 957 5366 imi
983 5295 1070 5351 mm·
1092 5293 1212 5346 'mu
1236 5288 1295 5356 lugi
1383 5287 1609 5424 Mlnlliblffrlbld
1623 5335 1694 5405 ¹stata
1711 5365 1817 5418 marg:
1837 5353 1935 5406 odium
1952 5353 2142 5416 cogentem.

338 5459 409 5516 stt)
427 5447 595 5516 astanetum]
613 5447 655 5498 stc
673 5441 775 5508 scripsi
792 5439 840 5508 (=
857 5435 952 5499 Eurtp.
970 5428 1169 5502 drocarum,
1193 5435 1294 5487 nuens
1381 5427 1431 5484 Sat
1448 5425 1555 5488 cosptt]
1574 5425 1617 5474 stc
1635 5423 1683 5488 (a
1700 5425 1793 5491 ttrrtp.
1814 5415 1921 5506 ἤρξατ’)
1941 5423 2040 5490 serm,
2057 5422 2135 5483 resq
2152 5411 2229 5468 rua
2241 5395 2308 5456 ΝΒ*

374 5519 569 5588 anteactum),
585 5519 671 5572 ttstitt.
691 5517 786 5580 tm,
806 5510 882 5562 1662.
900 5507 1068 5560 seiunctum.
1414 5495 1491 5548 1562.
1506 5494 1579 5558 ccptt
1596 5493 1637 5560 (t.
1648 5496 1687 5560 t,
1702 5493 1723 5547 t.
1735 5505 1763 5558 q.
1778 5490 1893 5558 eoepit).
1959 5553 1962 5558 Ι
