4844 6122
102 247 148 326 53
270 239 413 318 mu.
463 236 865 324 Hermundulo
887 235 1059 316 orbais
1084 233 1473 334 Quaomraltrlrt
1493 235 1779 310 Protesilai
1803 235 1895 313 LlB.
1916 235 1960 310 II.
2089 233 2147 316 64

189 415 423 490 Observandi
446 427 790 498 mitescamus,
832 415 908 487 sive
936 414 975 484 in
1002 412 1091 482 deli·
1143 411 1314 506 quiddam
1336 407 1493 495 habeut,
1533 435 1598 482 cui·
1622 410 1840 504 principium
1865 424 1901 482 et
1918 429 2142 488 novuman-

102 523 199 622 quiis,
226 522 304 592 sive
322 520 397 589 alio
413 519 541 613 quovis
557 532 719 610 tempore
742 518 942 596 effulserint
958 518 996 586 in
1010 515 1092 588 uni·
1122 526 1228 596 'nuni
1253 514 1437 584 vindicare
1458 511 1528 586 sibi
1549 513 1627 586 iure
1650 515 1852 586 videantur.
1909 514 2144 609 Aequinoctii

102 627 281 698 vesulium
298 635 497 694 eventuum
514 622 817 699 consideratione:
852 620 975 716 quales
994 630 1092 701 suut,
1142 617 1246 690 verni
1261 619 1450 709 proprium
1468 630 1540 701 est,
1574 619 1818 712 quoddiurna
1835 618 1952 708 spatia
1968 619 2143 710 tuncpri-

18 785 20 812 ,
107 755 183 826 quae
205 737 386 798 vocantur
411 725 551 808 trabes,
586 726 712 808 tubae,
746 722 862 807 dolia,
906 747 948 792 ac
969 718 1093 792 huius-
1143 743 1243 792 mum
1258 733 1381 792 noctes
1395 743 1566 812 superare
1582 721 1778 812 incipiunt,
1807 723 1977 816 quodque
2001 734 2143 813 tempus

19 821 20 826 ἵ
109 833 208 904 nodi.
269 828 416 900 Etenim
448 828 591 900 effectus
620 823 688 901 bae
717 827 885 918 pariunt,
920 825 1090 920 qualesa
1143 836 1197 894 est
1213 823 1436 896 affluentium
1453 822 1721 894 humiditatum.
1772 823 1821 894 At
1841 821 2066 896 humiditatis
2089 813 2154 896 vis'

114 935 221 1002 blarte
243 931 394 1014 cientur,
437 954 479 1000 ac
501 929 699 1001 Mercurio:
742 942 783 1000 ut
805 927 919 1014 bella,
962 938 1092 1008 aestus,
1143 926 1391 1018 potissimum,
1417 939 1459 997 ut
1474 941 1509 998 et
1522 939 1628 996 antea
1641 927 1818 1011 diximus,
1844 927 1883 996 in
1905 928 2061 1000 exordiis
2085 951 2145 1019 ge·

123 1049 221 1106 motus
235 1033 476 1116 turbulentos,
502 1045 538 1100 et
557 1031 646 1114 alia,
672 1055 765 1126 quae
790 1029 856 1101 ista
881 1027 982 1126 sequi
1008 1051 1092 1098 cori·
1143 1028 1285 1100 niturae
1307 1041 1446 1120 regnat.
1511 1027 1731 1116 solstitium,
1770 1030 2019 1120 longissimum
2047 1030 2145 1102 diem

125 1150 298 1208 saeiemnt.
352 1133 544 1228 Caeterum
560 1135 689 1230 quibus
713 1133 800 1204 locis
821 1131 1035 1202 minitentur
1058 1142 1093 1200 et
1145 1133 1302 1204 adducit.
1354 1133 1666 1226 ApudAegyptios
1675 1132 1720 1230 ¹³)
1739 1157 1825 1204 vero
1845 1146 1882 1204 et
1892 1133 1969 1206 Nili
1986 1135 2145 1206 exunda-

117 1241 271 1310 iitentent
287 1237 434 1308 effectus
454 1263 556 1322 suos,
583 1239 777 1308 ostendunt
791 1235 938 1305 Zodiaci
961 1247 1093 1324 partes,
1145 1236 1283 1306 tionem
1299 1237 1426 1320 adfert,
1455 1248 1490 1304 et
1504 1237 1546 1304 de
1565 1249 1647 1306 ortu
1657 1235 1765 1306 Canis
1781 1237 2068 1308 commonefacit.
2100 1233 2143 1304 ln

110 1345 163 1414 sub
179 1344 309 1437 quibus
333 1339 504 1410 collectae
526 1336 623 1432 ipsae
651 1354 687 1408 et
707 1338 893 1422 incensae,
933 1336 1093 1429 primum
1146 1339 1413 1434 aequinoctium
1430 1341 1639 1410 autumnale
1660 1340 1788 1410 incidit
1813 1353 1954 1432 tempus
1977 1341 2148 1431 colligen-

111 1445 309 1524 erarserint;
352 1455 428 1512 tuin
463 1442 714 1536 inclinationes
737 1463 922 1510 comarum
945 1439 1094 1508 crinitae
1145 1443 1275 1514 darum
1305 1454 1340 1510 et
1372 1443 1664 1534 reponendarum
1693 1443 1862 1534 frugum,
1907 1457 1942 1512 et
1969 1445 2074 1539 quasi
2102 1445 2147 1515 de

111 1573 163 1640 pro
175 1549 318 1618 ratione
332 1547 485 1615 formae.
531 1544 585 1614 Ex
602 1543 677 1638 ipsa
697 1567 783 1612 vero
801 1541 1021 1612 collectionis
1037 1565 1094 1610 ar·
1144 1567 1242 1614 novo
1273 1555 1391 1614 terrae
1421 1544 1559 1613 semina
1590 1548 1822 1618 mandantur.
1888 1539 2027 1620 Bruma
2058 1547 2147 1632 dies,

112 1653 207 1722 dentis
220 1651 322 1720 velut
335 1647 427 1717 facie
446 1671 488 1716 ac
509 1649 647 1732 forma,
683 1643 881 1716 affectionis
903 1645 1037 1736 species
1060 1653 1096 1711 et
1146 1645 1211 1740 qni
1235 1658 1340 1716 antea
1364 1647 1618 1732 decreverant,
1651 1671 1781 1739 augere
1802 1673 1927 1722 rursus
1949 1674 1992 1718 ac
2012 1651 2147 1742 produ·

112 1779 173 1836 res,
196 1756 234 1822 in
255 1777 366 1846 quam
386 1751 447 1820 illa
464 1761 745 1842 pervasorem,
772 1749 983 1820 innotescet.
1018 1745 1094 1816 Du·
1147 1773 1226 1818 cere
1249 1747 1389 1842 incipit.

115 1855 371 1925 iadoflammae
386 1855 430 1923 de
446 1865 640 1923 eventuum
663 1849 865 1921 intensione
886 1862 948 1920 aut
971 1848 1095 1918 remis-
1246 1852 1317 1922 Sed
1335 1848 1424 1921 mibi
1443 1853 1714 1928 convenientius
1732 1870 1767 1928 et
1781 1853 1983 1927 naturalius
2003 1877 2077 1926 esse
2093 1852 2148 1922 vi·

116 1959 221 2044 sione,
256 1954 431 2026 habitudo
465 1957 513 2023 ad
537 1953 656 2026 Solem
690 1955 733 2022 de
757 1953 862 2023 initio
885 1953 1096 2034 eorundem,
1148 1957 1273 2042 detur,
1315 1956 1360 2024 ad
1384 1955 1597 2044 indicandos
1621 1973 1768 2030 eventus
1788 1983 1950 2044 annuos,-
1989 1969 2147 2056 quatuor

120 2063 252 2154 quando
275 2059 424 2150 primum
444 2057 639 2142 invadent,
675 2052 828 2127 docebit.
895 2053 989 2126 Nam
1014 2076 1095 2124 cnm
1149 2081 1330 2130 assumere
1348 2059 1545 2152 principia,
1574 2061 1770 2156 observatis
1787 2063 1847 2146 iis,
1875 2089 1967 2158 quae
1984 2063 2150 2158 proxime

129 2161 312 2230 matutinae
330 2161 475 2244 luerint,
502 2160 636 2254 diuque
657 2159 864 2250 deguerint,
891 2155 1096 2240 celeriorem
1149 2173 1438 2256 praecesserunt,
1464 2163 1661 2234 noviluniis
1676 2164 1769 2238 Solis
1786 2179 1822 2236 et
1834 2164 1979 2251 Lunae,
2012 2191 2054 2236 ac
2075 2169 2151 2260 ple·

134 2263 182 2334 aiii
196 2263 413 2356 vespertinae,
441 2263 619 2334 tardiores
634 2275 782 2352 eventus
797 2273 964 2354 arguunt.
1149 2265 1299 2336 niluuiis
1315 2277 1352 2334 et
1366 2263 1520 2335 maxime
1537 2265 1619 2338 siin
1637 2267 1768 2362 quibus
1782 2263 1915 2341 horum
1936 2272 2151 2342 alterutrum

488 2367 495 2380 ’
565 2437 574 2455 ‚
639 2439 648 2455 ‚
766 2437 775 2456 ,
892 2451 896 2458 Ι
1150 2367 1532 2450 luminumdesecerit;
1565 2381 1672 2464 atque
1697 2369 1747 2438 ita
1771 2371 1943 2444 iudicium
1964 2375 2081 2444 iacere
2106 2375 2151 2444 de

413 2437 470 2508 D‘
496 2435 668 2509 mlum
689 2456 787 2506 ‘'m''
1151 2484 1248 2542 statu
1260 2470 1353 2542 veris
1369 2497 1412 2542 ex
1426 2469 1605 2566 principio
1623 2471 1777 2557 Arietis,
1803 2476 1848 2544 de
1868 2487 2000 2546 aestate
2018 2501 2039 2546 a
2058 2475 2152 2548 Can-

201 2569 400 2664 Postquam
417 2569 578 2661 exposita
593 2567 871 2641 nobisestratio
887 2565 1100 2637 universalis
1152 2599 1236 2658 cro,
1274 2575 1319 2642 de
1341 2587 1518 2646 autumno
1545 2600 1564 2644 a
1587 2571 1719 2660 Libra,
1760 2578 1804 2646 de
1835 2569 1954 2647 hieme
1978 2601 1999 2646 a
2025 2576 2152 2671 Capri.

121 2672 402 2744 wsstlderollfflss
421 2695 570 2756 ‘Omma
598 2695 690 2768 quae
714 2669 921 2764 regl⁰¹¹lb11⁵
945 2683 981 2739 el
1002 2669 1101 2740 urbi*
1152 2699 1277 2748 corno.
1328 2676 1422 2748 Nam
1448 2677 1544 2770 ipsas
1569 2677 1716 2773 quidem
1738 2679 1957 2752 universales
1980 2681 2152 2754 constitu·

117 2774 469 2868 bosportenduntur:
496 2776 658 2869 sequitui·
682 2797 780 2846 nunc
802 2773 968 2844 subtilior
992 2795 1101 2868 quae-
1153 2781 1270 2851 tiones
1292 2791 1518 2872 temporum,
1558 2794 1594 2850 et
1616 2784 1744 2854 modos
1758 2783 1821 2854 Sol
1844 2784 1956 2876 parit:
1998 2787 2154 2858 undeet

115 2879 184 2948 dam
200 2878 395 2974 exquisitio
412 2901 559 2962 eorum,
585 2903 679 2973 qnae
693 2877 842 2970 singulis
861 2877 948 2946 anni
962 2889 1103 2968 tempo-
1153 2885 1296 2980 penitus
1315 2881 1475 2978 imperiti
1491 2879 1750 2958 mathematum
1765 2900 2008 2980 praenoscunt
2020 2889 2153 2966 lutura.

113 2981 197 3054 ribus
210 2995 389 3052 eventura
405 2981 489 3052 sint.
543 2979 652 3053 Cuius
667 2981 719 3052 nei
732 2976 902 3051 tractatio
919 2981 1101 3075 quandam
1256 2983 1327 3056 Sed
1342 2999 1376 3056 et
1388 2987 1575 3080 signorum
1592 2991 1831 3084 proprietates
1855 2995 1900 3062 ad
1922 2991 2153 3088 significatio-

114 3085 248 3178 tequlrit
261 3088 308 3154 de
327 3083 521 3154 novilunio
530 3085 624 3152 enni
645 3083 941 3176 disputationem·
993 3082 1103 3176 Quod
1153 3113 1217 3162 nes
1233 3102 1426 3162 ventorum
1443 3106 1477 3162 et
1494 3093 1717 3186 generalium
1738 3095 1951 3190 qualitatum
1970 3084 2155 3170 assumenss

121 3184 213 3276 igitur
236 3189 329 3260 illud
350 3187 569 3280 principium
592 3189 672 3279 capi
695 3197 861 3279 oporteat
881 3185 920 3253 in
943 3185 1104 3279 qualibet
1154 3195 1221 3264 dae
1236 3204 1331 3262 sunt.

119 3287 196 3362 Solis
208 3291 467 3376 conversione,
495 3289 649 3360 areditu
668 3291 713 3360 ad
729 3292 869 3372 locum,
900 3290 996 3358 unde
1010 3288 1103 3357 exie·
1255 3293 1305 3364 At
1319 3293 1582 3380 mutationum,
1609 3322 1701 3392 quae
1724 3297 1763 3370 in
1784 3300 1859 3393 ipsa
1884 3313 2049 3396 tempora
2070 3328 2154 3395 par.

114 3405 179 3478 rat,
201 3395 279 3488 ipsa
296 3419 356 3465 res
369 3395 498 3476 docet,
526 3415 605 3462 curn
623 3393 750 3464 effectu
767 3395 865 3484 ipso,
891 3403 967 3461 tum
991 3391 1102 3460 etiam
1155 3397 1329 3468 ticulatim
1352 3397 1533 3486 incident,
1565 3400 1787 3472 incrementa
1812 3417 1874 3475 aut
1895 3405 2154 3478 diminutiones

115 3497 260 3568 nomine.
314 3496 433 3590 Quale
450 3495 530 3590 quis
544 3509 663 3566 autern
682 3495 899 3587 principium
916 3495 954 3564 in
969 3493 1102 3564 cirmlo
1154 3501 1366 3570 indicabunt
1391 3502 1643 3573 universaliter
1668 3507 1813 3601 quidem
1844 3507 1983 3579 vicinae
2013 3511 2154 3602 punctis

116 3597 311 3691 tlutpliciter
342 3600 556 3682 constituat,
599 3599 749 3668 omnino
780 3598 997 3690 cogitatione
1027 3619 1104 3666 non
1155 3604 1347 3698 praedictis
1375 3603 1553 3676 luminum
1577 3608 1847 3682 coniunctiones
1870 3625 1905 3682 et
1927 3611 2154 3706 planetarum

116 3700 322 3792 deprehendi
338 3725 442 3794 posse
459 3702 612 3774 videtur.
671 3699 712 3770 ln
733 3723 775 3771 eo
793 3701 939 3796 quidem
955 3699 1104 3786 circulo,
1156 3733 1236 3778 cuin
1259 3703 1314 3778 bis
1337 3709 1655 3799 configurationem
1689 3713 1931 3806 particulatim
1956 3741 2042 3786 vero
2069 3741 2156 3786 con-

117 3805 169 3896 qui
181 3829 244 3896 per
262 3807 422 3878 medium
445 3805 630 3896 signorum
651 3805 813 3888 ducitur,
844 3803 1024 3896 probabili
1046 3827 1105 3873 ra·
1156 3835 1295 3904 gressus
1311 3814 1508 3882 eorundem
1525 3814 1564 3884 in
1585 3815 1733 3906 singulis
1755 3817 1865 3909 signis
1889 3833 1924 3890 01
1944 3819 2175 3911 pleniluni&¹

117 3907 203 3976 tione
218 3907 481 4000 principiorum
498 3909 578 3977 loco
595 3909 727 3979 assumi
744 3920 894 4000 possunt
907 3919 1041 3999 puncta
1058 3908 1104 3976 ab
1156 3915 1313 4010 itemque
1333 3915 1517 3986 stellarum
1541 3919 1728 3990 transitus:
1764 3945 1872 4016 quain
1899 3921 2155 3994 consideratio·

121 4009 380 4102 aeqiiimetiali,
406 4024 442 4080 et
456 4013 595 4080 duobus
609 4011 747 4104 signata
765 4009 923 4092 Coluris‚
949 4005 1018 4079 boc
1040 4021 1104 4094 est,
1155 4041 1239 4088 nem
1257 4031 1478 4089 menstruam
1494 4024 1686 4092 nominare
1701 4024 1795 4095 licet.

119 4109 195 4178 bina
213 4113 485 4208 aequinoctialia
503 4127 537 4182 et
551 4113 634 4182 bina
653 4115 802 4206 tropica.
845 4111 915 4182 Sed
931 4137 1054 4184 rursus
1069 4124 1105 4182 et

117 4208 169 4282 liic
190 4215 352 4288 dubitare
375 4217 457 4312 quis
479 4217 630 4308 poterit,
670 4241 743 4312 quo
766 4229 901 4308 puncto
929 4229 1103 4311 tanquam
1155 4177 1211 4244 ΒΘ
1240 4173 1446 4280 Wlm‘lm
1478 4177 1739 4300 ⁰l,‘·l,”“l“'“
1767 4181 1946 4302 flffmm
1977 4180 2023 4250 “a
2059 4181 2153 4252 Μ’*

117 4317 278 4408 primario
295 4333 331 4390 et
348 4320 510 4414 principe
526 4331 659 4390 utatur.
707 4317 757 4388 Et
771 4319 918 4413 quidem
934 4318 1106 4412 simplicis
1419 4285 1896 4418 ⁶⁰mll⁴l¹⁰faelv⁰rwsuff⁸⁰

119 4423 348 4494 aemulari,
362 4437 514 4500 natur„
529 4421 750 4516 proppieffloe
765 4423 1003 4510 confidem„
1026 4423 1106 4493 nup,
1259 4393 1317 4464 Ad
1345 4417 1482 4512 annuas
1508 4409 1778 4472 constitutiones
1795 4402 2023 4484 iudicandas,
2048 4411 2154 4472 notas

120 4519 181 4592 lum
210 4521 344 4596 horum
379 4537 552 4620 umquam
577 4525 686 4598 postu,
710 4526 865 4596 ambitu,
888 4525 1105 4618 Principium
1159 4519 1231 4566 esse
1249 4507 1391 4588 oportet
1409 4509 1516 4565 etiam
1534 4499 1776 4590 particulatim
1796 4505 1976 4576 naturales
1991 4503 2155 4596 proprie·

122 4627 186 4696 erit
235 4631 410 4701 Attamen
425 4629 489 4724 qui
505 4631 549 4697 de
564 4624 619 4700 bis
635 4629 741 4699 rebus
757 4627 991 4698 commentati
1010 4641 1108 4714 sont,
1158 4599 1459 4718 ta“²⁵⁵lll¹¹⁰¹'¹¹¹f¹·
1512 4601 1872 4694 Qulnlfflnffllfflad
1894 4606 1987 4678 ³⁰5⁸
2013 4619 2155 4723 θῑνθῐξ·

118 4751 181 4799 „no
200 4733 327 4826 ,liquo
352 4727 484 4802 horum
505 4745 663 4826 qustum.
688 4743 903 4824 punctorum
927 4731 983 4802 mi
1011 4744 1110 4816 sm,
1158 4714 1278 4772 torum
1305 4713 1523 4772 mutationes
1553 4703 1746 4826 stellarum·
1765 4707 2008 4802 singularum,
2046 4707 2157 4790 triuu-¹

116 4833 413 4918 aliosanealius,
447 4849 555 4927 prout
575 4835 727 4930 quisque
750 4833 807 4904 vel
826 4833 1028 4912 rationibus
1050 4835 1110 4906 vel
1159 4828 1239 4874 '¹¹¹¹'
1262 4803 1548 4926 Planelflfufflss}
1572 4821 1811 4880 mellifluum
1833 4809 2035 4896 ⁸l⁰l¹³ffl¹¹¹s
2055 4833 2154 4920 ‚11¹1st

115 4949 259 5008 mmm
285 4961 375 5010 ,m
403 4939 534 5008 affectu
556 4943 600 5011 ad
625 4933 695 5010 hoc
719 4937 859 5008 MV,
877 4923 1107 5008 statuendum
1160 4905 1312 5000 planetis
1344 4919 1464 4975 nativa
1501 4933 1538 4976 vi
1572 4921 1680 5006 atque
1714 4913 1895 4984 effectibus
1938 4925 2154 5004 congruunt,

115 5037 316 5112 dumea·
365 5037 510 5116 Etenim
528 5037 732 5134 hamne,
751 5037 914 5131 ainwa,
936 5039 1107 5112 ,mium
1161 5023 1335 5130 quantum
1352 5011 1397 5077 ad
1416 5021 1606 5130 ventorum
1626 5026 1659 5082 et
1675 5029 1831 5110 quatuor
1845 5016 1930 5085 anni
1948 5030 2153 5108 temporum

116 5161 326 5178 .......-
1159 5125 1290 5184 statum
1307 5125 1443 5204 integra
1460 5134 1560 5204 signa
1584 5117 1791 5204 conserant,
1823 5142 1891 5190 nos
1911 5143 2017 5214 supra
2046 5123 2155 5212 expo-

179 5209 319 5340 vxaff:
335 5211 974 5349 Lizipmttlffuasseffl:igpgtgff:
988 5215 1109 5347 [ao-¹2⁸¹:
1159 5213 1307 5334 suimus.
1366 5213 1493 5286 Restat
1514 5241 1632 5302 nunc,
1669 5233 1711 5290 ut
1742 5221 1976 5313 particulares
2007 5241 2152 5316 quoque

181 5360 355 5424 mistas]
377 5369 539 5420 quacunque
556 5369 574 5406 s
591 5359 670 5420 perte
686 5355 867 5420 apperuerit,
893 5357 956 5406 trio
971 5357 1109 5422 partitus
1159 5341 1343 5409 ”fimum
1360 5331 1509 5389 nalum
1522 5344 1794 5416 Pflmqllflmul'·

184 5429 217 5478 ts
239 5441 313 5492 qm
340 5439 373 5477 se
398 5427 554 5490 proprietas
578 5425 628 5475 itte
650 5423 810 5488 tricttnsttt,
835 5423 916 5484 [cett.
940 5423 1035 5474 tutare
1060 5423 1110 5473 ds-
1174 5471 1178 5480 ,

180 5497 294 5559 arnul.
657 5532 665 5596 .'
1057 5509 1060 5521 ·
1196 5489 1244 5548 ¹³)
1262 5487 1434 5552 Aegyptios]
1453 5487 1503 5538 Et.
1512 5485 1596 5592 :m
1613 5488 1769 5552 Aegyptos.

1469 5556 1494 5628 4
