<?xml version="1.0" encoding="UTF-8"?>
<!DOCTYPE html PUBLIC "-//W3C//DTD XHTML 1.0 Transitional//EN"
    "http://www.w3.org/TR/xhtml1/DTD/xhtml1-transitional.dtd">
<html xmlns="http://www.w3.org/1999/xhtml" xml:lang="en" lang="en">
 <head>
  <title>
</title>
<meta http-equiv="Content-Type" content="text/html;charset=utf-8" />
  <meta name='ocr-system' content='tesseract 3.04.00' />
  <meta name='ocr-capabilities' content='ocr_page ocr_carea ocr_par ocr_line ocrx_word'/>
</head>
<body>
  <div class='ocr_page' id='page_1' title='image "./operauaesupersu00melagoog/operauaesupersu00melagoog_0052.png"; bbox 0 0 4844 6122; ppageno 0'>
   <div class='ocr_carea' id='block_1_1' title="bbox 262 193 316 271">
    <p class='ocr_par' dir='ltr' id='par_1_1' title="bbox 262 193 316 271">
     <span class='ocr_line' id='line_1_1' title="bbox 262 193 316 271; baseline 0.056 -3"><span class='ocrx_word' id='word_1_1' title='bbox 262 193 316 271; x_wconf 68' lang='lat' dir='ltr'>il</span> 
     </span>
    </p>
   </div>
   <div class='ocr_carea' id='block_1_2' title="bbox 264 363 1267 666">
    <p class='ocr_par' dir='ltr' id='par_1_2' title="bbox 264 363 1267 666">
     <span class='ocr_line' id='line_1_2' title="bbox 265 363 1265 460; baseline -0.002 -22"><span class='ocrx_word' id='word_1_2' title='bbox 265 363 488 458; x_wconf 80' lang='lat' dir='ltr'>adspiciunt,</span> <span class='ocrx_word' id='word_1_3' title='bbox 531 377 568 434; x_wconf 89' lang='lat' dir='ltr'>et</span> <span class='ocrx_word' id='word_1_4' title='bbox 593 365 715 437; x_wconf 88' lang='lat' dir='ltr'>radios</span> <span class='ocrx_word' id='word_1_5' title='bbox 748 381 923 460; x_wconf 88' lang='lat' dir='ltr'>spargunt</span> <span class='ocrx_word' id='word_1_6' title='bbox 948 367 989 440; x_wconf 89' lang='lat' dir='ltr'>in</span> <span class='ocrx_word' id='word_1_7' title='bbox 1015 368 1265 460; x_wconf 75' lang='lat' dir='ltr'>praecedentia</span> 
     </span>
     <span class='ocr_line' id='line_1_3' title="bbox 264 467 1267 566; baseline 0.005 -29"><span class='ocrx_word' id='word_1_8' title='bbox 264 469 367 552; x_wconf 92' lang='lat' dir='ltr'>loca,</span> <span class='ocrx_word' id='word_1_9' title='bbox 393 467 491 536; x_wconf 88' lang='lat' dir='ltr'>vivet</span> <span class='ocrx_word' id='word_1_10' title='bbox 507 480 633 538; x_wconf 91' lang='lat' dir='ltr'>natum</span> <span class='ocrx_word' id='word_1_11' title='bbox 650 481 751 538; x_wconf 92' lang='lat' dir='ltr'>tanto</span> <span class='ocrx_word' id='word_1_12' title='bbox 767 470 905 562; x_wconf 88' lang='lat' dir='ltr'>spatio,</span> <span class='ocrx_word' id='word_1_13' title='bbox 942 483 1099 566; x_wconf 89' lang='lat' dir='ltr'>quantus</span> <span class='ocrx_word' id='word_1_14' title='bbox 1122 483 1175 542; x_wconf 88' lang='lat' dir='ltr'>est</span> <span class='ocrx_word' id='word_1_15' title='bbox 1200 495 1267 542; x_wconf 91' lang='lat' dir='ltr'>nu-</span> 
     </span>
     <span class='ocr_line' id='line_1_4' title="bbox 264 570 1265 666; baseline 0.003 -26"><span class='ocrx_word' id='word_1_16' title='bbox 264 595 386 642; x_wconf 89' lang='lat' dir='ltr'>merus</span> <span class='ocrx_word' id='word_1_17' title='bbox 403 572 580 661; x_wconf 88' lang='lat' dir='ltr'>graduum</span> <span class='ocrx_word' id='word_1_18' title='bbox 596 570 691 640; x_wconf 89' lang='lat' dir='ltr'>inter</span> <span class='ocrx_word' id='word_1_19' title='bbox 706 589 980 666; x_wconf 80' lang='lat' dir='ltr'>prorogatorem</span> <span class='ocrx_word' id='word_1_20' title='bbox 1003 588 1037 645; x_wconf 89' lang='lat' dir='ltr'>et</span> <span class='ocrx_word' id='word_1_21' title='bbox 1061 573 1265 666; x_wconf 83' lang='lat' dir='ltr'>proximam</span> 
     </span>
    </p>
   </div>
   <div class='ocr_carea' id='block_1_3' title="bbox 262 673 1307 764">
    <p class='ocr_par' dir='ltr' id='par_1_3' title="bbox 262 673 1307 764">
     <span class='ocr_line' id='line_1_5' title="bbox 262 673 1307 764; baseline 0.004 -18"><span class='ocrx_word' id='word_1_22' title='bbox 262 676 486 758; x_wconf 86' lang='lat' dir='ltr'>maleficam,</span> <span class='ocrx_word' id='word_1_23' title='bbox 513 685 568 748; x_wconf 83' lang='lat' dir='ltr'>tot</span> <span class='ocrx_word' id='word_1_24' title='bbox 590 673 756 746; x_wconf 88' lang='lat' dir='ltr'>videlicet</span> <span class='ocrx_word' id='word_1_25' title='bbox 779 703 939 764; x_wconf 86' lang='lat' dir='ltr'>menses,</span> <span class='ocrx_word' id='word_1_26' title='bbox 965 679 1044 750; x_wconf 87' lang='lat' dir='ltr'>dies</span> <span class='ocrx_word' id='word_1_27' title='bbox 1065 677 1122 748; x_wconf 91' lang='lat' dir='ltr'>vel</span> <span class='ocrx_word' id='word_1_28' title='bbox 1144 673 1266 762; x_wconf 86' lang='lat' dir='ltr'>horas,</span> <span class='ocrx_word' id='word_1_29' title='bbox 1304 745 1307 750; x_wconf 85' lang='lat'>.</span> 
     </span>
    </p>
   </div>
   <div class='ocr_carea' id='block_1_4' title="bbox 261 777 1266 2216">
    <p class='ocr_par' dir='ltr' id='par_1_4' title="bbox 265 777 1109 872">
     <span class='ocr_line' id='line_1_6' title="bbox 265 777 1109 872; baseline 0.007 -25"><span class='ocrx_word' id='word_1_30' title='bbox 265 802 334 872; x_wconf 89' lang='lat' dir='ltr'>pro</span> <span class='ocrx_word' id='word_1_31' title='bbox 350 779 461 848; x_wconf 91' lang='lat' dir='ltr'>modo</span> <span class='ocrx_word' id='word_1_32' title='bbox 478 790 513 846; x_wconf 94' lang='lat' dir='ltr'>et</span> <span class='ocrx_word' id='word_1_33' title='bbox 528 777 665 849; x_wconf 91' lang='lat' dir='ltr'>viribus</span> <span class='ocrx_word' id='word_1_34' title='bbox 682 803 868 872; x_wconf 72' lang='lat' dir='ltr'>causarum</span> <span class='ocrx_word' id='word_1_35' title='bbox 887 783 1109 853; x_wconf 89' lang='lat' dir='ltr'>nocentium.</span> 
     </span>
    </p>

    <p class='ocr_par' dir='ltr' id='par_1_5' title="bbox 261 879 1266 1161">
     <span class='ocr_line' id='line_1_7' title="bbox 370 879 1264 978; baseline -0.002 -27"><span class='ocrx_word' id='word_1_36' title='bbox 370 879 461 951; x_wconf 90' lang='lat' dir='ltr'>Cum</span> <span class='ocrx_word' id='word_1_37' title='bbox 478 892 597 953; x_wconf 92' lang='lat' dir='ltr'>autem</span> <span class='ocrx_word' id='word_1_38' title='bbox 613 883 794 956; x_wconf 86' lang='lat' dir='ltr'>maleficae</span> <span class='ocrx_word' id='word_1_39' title='bbox 809 898 982 978; x_wconf 86' lang='lat' dir='ltr'>spargunt</span> <span class='ocrx_word' id='word_1_40' title='bbox 994 885 1116 954; x_wconf 88' lang='lat' dir='ltr'>radios</span> <span class='ocrx_word' id='word_1_41' title='bbox 1132 881 1170 954; x_wconf 89' lang='lat' dir='ltr'>in</span> <span class='ocrx_word' id='word_1_42' title='bbox 1185 881 1264 951; x_wconf 91' lang='lat' dir='ltr'>loca</span> 
     </span>
     <span class='ocr_line' id='line_1_8' title="bbox 261 981 1266 1084; baseline 0.005 -32"><span class='ocrx_word' id='word_1_43' title='bbox 261 981 388 1077; x_wconf 83' lang='lat' dir='ltr'>priora</span> <span class='ocrx_word' id='word_1_44' title='bbox 404 981 619 1068; x_wconf 81' lang='lat' dir='ltr'>luminibus,</span> <span class='ocrx_word' id='word_1_45' title='bbox 647 995 680 1054; x_wconf 90' lang='lat' dir='ltr'>et</span> <span class='ocrx_word' id='word_1_46' title='bbox 699 985 877 1058; x_wconf 87' lang='lat' dir='ltr'>beneficae</span> <span class='ocrx_word' id='word_1_47' title='bbox 904 987 943 1060; x_wconf 91' lang='lat' dir='ltr'>in</span> <span class='ocrx_word' id='word_1_48' title='bbox 965 985 1170 1084; x_wconf 75' lang='lat' dir='ltr'>sequentia,</span> <span class='ocrx_word' id='word_1_49' title='bbox 1198 1007 1266 1057; x_wconf 84' lang='lat' dir='ltr'>na·</span> 
     </span>
     <span class='ocr_line' id='line_1_9' title="bbox 261 1087 1156 1161; baseline -0.006 0"><span class='ocrx_word' id='word_1_50' title='bbox 261 1097 321 1161; x_wconf 81' lang='lat' dir='ltr'>tus</span> <span class='ocrx_word' id='word_1_51' title='bbox 337 1087 483 1157; x_wconf 87' lang='lat' dir='ltr'>durabit</span> <span class='ocrx_word' id='word_1_52' title='bbox 500 1100 536 1157; x_wconf 94' lang='lat' dir='ltr'>et</span> <span class='ocrx_word' id='word_1_53' title='bbox 550 1087 658 1159; x_wconf 90' lang='lat' dir='ltr'>vivet.</span> <span class='ocrx_word' id='word_1_54' title='bbox 1153 1119 1156 1124; x_wconf 95' lang='lat'>·</span> 
     </span>
    </p>

    <p class='ocr_par' dir='ltr' id='par_1_6' title="bbox 264 1189 1266 1594">
     <span class='ocr_line' id='line_1_10' title="bbox 366 1189 1266 1285; baseline -0.001 -25"><span class='ocrx_word' id='word_1_55' title='bbox 366 1189 505 1262; x_wconf 83' lang='lat' dir='ltr'>Rursus</span> <span class='ocrx_word' id='word_1_56' title='bbox 537 1215 616 1264; x_wconf 92' lang='lat' dir='ltr'>cum</span> <span class='ocrx_word' id='word_1_57' title='bbox 645 1191 827 1262; x_wconf 88' lang='lat' dir='ltr'>maleficae</span> <span class='ocrx_word' id='word_1_58' title='bbox 860 1193 1047 1264; x_wconf 82' lang='lat' dir='ltr'>elevantur</span> <span class='ocrx_word' id='word_1_59' title='bbox 1072 1214 1180 1285; x_wconf 89' lang='lat' dir='ltr'>supra</span> <span class='ocrx_word' id='word_1_60' title='bbox 1205 1191 1266 1259; x_wconf 90' lang='lat' dir='ltr'>be·</span> 
     </span>
     <span class='ocr_line' id='line_1_11' title="bbox 264 1291 1264 1387; baseline 0.002 -25"><span class='ocrx_word' id='word_1_61' title='bbox 264 1295 416 1380; x_wconf 89' lang='lat' dir='ltr'>nelicas,</span> <span class='ocrx_word' id='word_1_62' title='bbox 455 1295 597 1387; x_wconf 90' lang='lat' dir='ltr'>signum</span> <span class='ocrx_word' id='word_1_63' title='bbox 628 1307 681 1366; x_wconf 91' lang='lat' dir='ltr'>est</span> <span class='ocrx_word' id='word_1_64' title='bbox 711 1295 919 1366; x_wconf 84' lang='lat' dir='ltr'>detrimenti</span> <span class='ocrx_word' id='word_1_65' title='bbox 952 1309 986 1365; x_wconf 90' lang='lat' dir='ltr'>et</span> <span class='ocrx_word' id='word_1_66' title='bbox 1022 1291 1264 1366; x_wconf 84' lang='lat' dir='ltr'>subiectionis.</span> 
     </span>
     <span class='ocr_line' id='line_1_12' title="bbox 264 1395 1265 1492; baseline -0.004 -24"><span class='ocrx_word' id='word_1_67' title='bbox 264 1397 356 1468; x_wconf 90' lang='lat' dir='ltr'>Cum</span> <span class='ocrx_word' id='word_1_68' title='bbox 371 1409 490 1470; x_wconf 91' lang='lat' dir='ltr'>autem</span> <span class='ocrx_word' id='word_1_69' title='bbox 513 1399 692 1468; x_wconf 89' lang='lat' dir='ltr'>beneficae</span> <span class='ocrx_word' id='word_1_70' title='bbox 713 1411 903 1490; x_wconf 90' lang='lat' dir='ltr'>superant,</span> <span class='ocrx_word' id='word_1_71' title='bbox 936 1411 1042 1469; x_wconf 92' lang='lat' dir='ltr'>natus</span> <span class='ocrx_word' id='word_1_72' title='bbox 1066 1397 1162 1466; x_wconf 90' lang='lat' dir='ltr'>vivet</span> <span class='ocrx_word' id='word_1_73' title='bbox 1186 1395 1265 1492; x_wconf 91' lang='lat' dir='ltr'>qui-</span> 
     </span>
     <span class='ocr_line' id='line_1_13' title="bbox 265 1499 1095 1594; baseline 0.002 -24"><span class='ocrx_word' id='word_1_74' title='bbox 265 1500 367 1585; x_wconf 90' lang='lat' dir='ltr'>dem,</span> <span class='ocrx_word' id='word_1_75' title='bbox 394 1504 455 1572; x_wconf 91' lang='lat' dir='ltr'>sed</span> <span class='ocrx_word' id='word_1_76' title='bbox 473 1501 598 1572; x_wconf 89' lang='lat' dir='ltr'>alienis</span> <span class='ocrx_word' id='word_1_77' title='bbox 612 1502 821 1594; x_wconf 89' lang='lat' dir='ltr'>parentibus</span> <span class='ocrx_word' id='word_1_78' title='bbox 836 1503 1000 1574; x_wconf 89' lang='lat' dir='ltr'>subditus</span> <span class='ocrx_word' id='word_1_79' title='bbox 1016 1499 1095 1572; x_wconf 88' lang='lat' dir='ltr'>erit.</span> 
     </span>
    </p>

    <p class='ocr_par' dir='ltr' id='par_1_7' title="bbox 261 1603 1266 2002">
     <span class='ocr_line' id='line_1_14' title="bbox 369 1603 1266 1702; baseline -0.007 -28"><span class='ocrx_word' id='word_1_80' title='bbox 369 1603 460 1675; x_wconf 88' lang='lat' dir='ltr'>Cum</span> <span class='ocrx_word' id='word_1_81' title='bbox 487 1621 607 1676; x_wconf 89' lang='lat' dir='ltr'>autem</span> <span class='ocrx_word' id='word_1_82' title='bbox 633 1605 790 1677; x_wconf 88' lang='lat' dir='ltr'>benefica</span> <span class='ocrx_word' id='word_1_83' title='bbox 817 1607 936 1702; x_wconf 88' lang='lat' dir='ltr'>aliqua</span> <span class='ocrx_word' id='word_1_84' title='bbox 965 1613 1028 1676; x_wconf 86' lang='lat' dir='ltr'>aut</span> <span class='ocrx_word' id='word_1_85' title='bbox 1054 1615 1173 1674; x_wconf 92' lang='lat' dir='ltr'>ortum</span> <span class='ocrx_word' id='word_1_86' title='bbox 1202 1611 1266 1670; x_wconf 89' lang='lat' dir='ltr'>aut</span> 
     </span>
     <span class='ocr_line' id='line_1_15' title="bbox 265 1705 1264 1804; baseline -0.007 -26"><span class='ocrx_word' id='word_1_87' title='bbox 265 1707 544 1801; x_wconf 85' lang='lat' dir='ltr'>adplicationem</span> <span class='ocrx_word' id='word_1_88' title='bbox 567 1709 727 1804; x_wconf 91' lang='lat' dir='ltr'>aliquam</span> <span class='ocrx_word' id='word_1_89' title='bbox 751 1705 861 1790; x_wconf 85' lang='lat' dir='ltr'>habet</span> <span class='ocrx_word' id='word_1_90' title='bbox 878 1711 923 1779; x_wconf 92' lang='lat' dir='ltr'>ad</span> <span class='ocrx_word' id='word_1_91' title='bbox 938 1705 1103 1790; x_wconf 86' lang='lat' dir='ltr'>Lunam,</span> <span class='ocrx_word' id='word_1_92' title='bbox 1137 1715 1173 1774; x_wconf 90' lang='lat' dir='ltr'>et</span> <span class='ocrx_word' id='word_1_93' title='bbox 1188 1727 1264 1772; x_wconf 90' lang='lat' dir='ltr'>ma·</span> 
     </span>
     <span class='ocr_line' id='line_1_16' title="bbox 264 1805 1264 1900; baseline -0.005 -21"><span class='ocrx_word' id='word_1_94' title='bbox 264 1809 363 1881; x_wconf 86' lang='lat' dir='ltr'>lefica</span> <span class='ocrx_word' id='word_1_95' title='bbox 396 1825 449 1884; x_wconf 91' lang='lat' dir='ltr'>est</span> <span class='ocrx_word' id='word_1_96' title='bbox 481 1813 520 1882; x_wconf 91' lang='lat' dir='ltr'>in</span> <span class='ocrx_word' id='word_1_97' title='bbox 545 1837 694 1895; x_wconf 89' lang='lat' dir='ltr'>occasu,</span> <span class='ocrx_word' id='word_1_98' title='bbox 727 1823 833 1884; x_wconf 91' lang='lat' dir='ltr'>natus</span> <span class='ocrx_word' id='word_1_99' title='bbox 857 1811 1038 1883; x_wconf 92' lang='lat' dir='ltr'>nutrietur</span> <span class='ocrx_word' id='word_1_100' title='bbox 1061 1833 1082 1877; x_wconf 90' lang='lat' dir='ltr'>a</span> <span class='ocrx_word' id='word_1_101' title='bbox 1106 1805 1264 1900; x_wconf 91' lang='lat' dir='ltr'>parenti-</span> 
     </span>
     <span class='ocr_line' id='line_1_17' title="bbox 261 1915 1172 2002; baseline 0.002 -18"><span class='ocrx_word' id='word_1_102' title='bbox 261 1915 328 1986; x_wconf 89' lang='lat' dir='ltr'>bus</span> <span class='ocrx_word' id='word_1_103' title='bbox 344 1915 428 1988; x_wconf 91' lang='lat' dir='ltr'>suis.</span> <span class='ocrx_word' id='word_1_104' title='bbox 1171 1991 1172 2002; x_wconf 41' lang='lat'>,</span> 
     </span>
    </p>

    <p class='ocr_par' dir='ltr' id='par_1_8' title="bbox 262 2011 1264 2216">
     <span class='ocr_line' id='line_1_18' title="bbox 365 2011 1264 2102; baseline -0.012 -11"><span class='ocrx_word' id='word_1_105' title='bbox 365 2014 502 2090; x_wconf 82' lang='lat' dir='ltr'>Eodem</span> <span class='ocrx_word' id='word_1_106' title='bbox 520 2017 631 2087; x_wconf 92' lang='lat' dir='ltr'>modo</span> <span class='ocrx_word' id='word_1_107' title='bbox 656 2013 852 2102; x_wconf 88' lang='lat' dir='ltr'>iudicetur,</span> <span class='ocrx_word' id='word_1_108' title='bbox 885 2017 918 2089; x_wconf 93' lang='lat' dir='ltr'>si</span> <span class='ocrx_word' id='word_1_109' title='bbox 937 2012 1041 2085; x_wconf 90' lang='lat' dir='ltr'>multi</span> <span class='ocrx_word' id='word_1_110' title='bbox 1063 2011 1170 2084; x_wconf 86' lang='lat' dir='ltr'>simul</span> <span class='ocrx_word' id='word_1_111' title='bbox 1196 2036 1264 2082; x_wconf 89' lang='lat' dir='ltr'>na-</span> 
     </span>
     <span class='ocr_line' id='line_1_19' title="bbox 262 2115 1264 2216; baseline -0.01 -23"><span class='ocrx_word' id='word_1_112' title='bbox 262 2135 419 2194; x_wconf 91' lang='lat' dir='ltr'>scentur.</span> <span class='ocrx_word' id='word_1_113' title='bbox 486 2117 578 2190; x_wconf 91' lang='lat' dir='ltr'>Cum</span> <span class='ocrx_word' id='word_1_114' title='bbox 611 2119 758 2214; x_wconf 91' lang='lat' dir='ltr'>aliquod</span> <span class='ocrx_word' id='word_1_115' title='bbox 793 2121 936 2204; x_wconf 89' lang='lat' dir='ltr'>lumen,</span> <span class='ocrx_word' id='word_1_116' title='bbox 978 2117 1076 2216; x_wconf 90' lang='lat' dir='ltr'>quod</span> <span class='ocrx_word' id='word_1_117' title='bbox 1112 2115 1264 2207; x_wconf 84' lang='lat' dir='ltr'>adspicit</span> 
     </span>
    </p>
   </div>
   <div class='ocr_carea' id='block_1_5' title="bbox 262 2217 1305 2320">
    <p class='ocr_par' dir='ltr' id='par_1_9' title="bbox 262 2217 1305 2320">
     <span class='ocr_line' id='line_1_20' title="bbox 262 2217 1305 2320; baseline -0.012 -25"><span class='ocrx_word' id='word_1_118' title='bbox 262 2237 423 2320; x_wconf 80' lang='lat' dir='ltr'>caeteras</span> <span class='ocrx_word' id='word_1_119' title='bbox 440 2224 580 2308; x_wconf 89' lang='lat' dir='ltr'>stellas,</span> <span class='ocrx_word' id='word_1_120' title='bbox 614 2223 652 2292; x_wconf 92' lang='lat' dir='ltr'>in</span> <span class='ocrx_word' id='word_1_121' title='bbox 669 2247 797 2296; x_wconf 89' lang='lat' dir='ltr'>occasu</span> <span class='ocrx_word' id='word_1_122' title='bbox 824 2237 896 2309; x_wconf 90' lang='lat' dir='ltr'>est,</span> <span class='ocrx_word' id='word_1_123' title='bbox 928 2232 1095 2292; x_wconf 86' lang='lat' dir='ltr'>nascetur</span> <span class='ocrx_word' id='word_1_124' title='bbox 1120 2217 1263 2288; x_wconf 90' lang='lat' dir='ltr'>semivi-</span> <span class='ocrx_word' id='word_1_125' title='bbox 1301 2269 1305 2277; x_wconf 93' lang='lat'>.</span> 
     </span>
    </p>
   </div>
   <div class='ocr_carea' id='block_1_6' title="bbox 262 2319 1263 2621">
    <p class='ocr_par' dir='ltr' id='par_1_10' title="bbox 262 2319 1263 2621">
     <span class='ocr_line' id='line_1_21' title="bbox 263 2319 1263 2414; baseline -0.006 -16"><span class='ocrx_word' id='word_1_126' title='bbox 263 2354 372 2414; x_wconf 92' lang='lat' dir='ltr'>vum,</span> <span class='ocrx_word' id='word_1_127' title='bbox 398 2339 461 2399; x_wconf 90' lang='lat' dir='ltr'>aut</span> <span class='ocrx_word' id='word_1_128' title='bbox 474 2325 640 2398; x_wconf 86' lang='lat' dir='ltr'>informis</span> <span class='ocrx_word' id='word_1_129' title='bbox 656 2351 740 2397; x_wconf 91' lang='lat' dir='ltr'>caro</span> <span class='ocrx_word' id='word_1_130' title='bbox 758 2339 793 2396; x_wconf 92' lang='lat' dir='ltr'>et</span> <span class='ocrx_word' id='word_1_131' title='bbox 815 2327 1022 2396; x_wconf 90' lang='lat' dir='ltr'>immatura.</span> <span class='ocrx_word' id='word_1_132' title='bbox 1083 2319 1174 2392; x_wconf 88' lang='lat' dir='ltr'>Cum</span> <span class='ocrx_word' id='word_1_133' title='bbox 1200 2345 1263 2392; x_wconf 92' lang='lat' dir='ltr'>au·</span> 
     </span>
     <span class='ocr_line' id='line_1_22' title="bbox 262 2429 1262 2522; baseline -0.01 -20"><span class='ocrx_word' id='word_1_134' title='bbox 262 2445 333 2502; x_wconf 91' lang='lat' dir='ltr'>tem</span> <span class='ocrx_word' id='word_1_135' title='bbox 353 2431 536 2502; x_wconf 87' lang='lat' dir='ltr'>maleficae</span> <span class='ocrx_word' id='word_1_136' title='bbox 553 2429 740 2501; x_wconf 84' lang='lat' dir='ltr'>elevantur</span> <span class='ocrx_word' id='word_1_137' title='bbox 754 2454 862 2522; x_wconf 90' lang='lat' dir='ltr'>supra</span> <span class='ocrx_word' id='word_1_138' title='bbox 878 2431 1024 2514; x_wconf 91' lang='lat' dir='ltr'>lumen,</span> <span class='ocrx_word' id='word_1_139' title='bbox 1054 2436 1180 2494; x_wconf 91' lang='lat' dir='ltr'>natum</span> <span class='ocrx_word' id='word_1_140' title='bbox 1197 2447 1262 2494; x_wconf 90' lang='lat' dir='ltr'>nec</span> 
     </span>
     <span class='ocr_line' id='line_1_23' title="bbox 263 2527 1262 2621; baseline -0.009 -15"><span class='ocrx_word' id='word_1_141' title='bbox 263 2535 461 2619; x_wconf 89' lang='lat' dir='ltr'>nutrietur,</span> <span class='ocrx_word' id='word_1_142' title='bbox 488 2555 554 2604; x_wconf 89' lang='lat' dir='ltr'>nec</span> <span class='ocrx_word' id='word_1_143' title='bbox 568 2534 678 2618; x_wconf 89' lang='lat' dir='ltr'>vivet,</span> <span class='ocrx_word' id='word_1_144' title='bbox 700 2534 898 2604; x_wconf 85' lang='lat' dir='ltr'>obnoxium</span> <span class='ocrx_word' id='word_1_145' title='bbox 916 2533 1044 2616; x_wconf 83' lang='lat' dir='ltr'>causis,</span> <span class='ocrx_word' id='word_1_146' title='bbox 1071 2553 1161 2621; x_wconf 89' lang='lat' dir='ltr'>quas</span> <span class='ocrx_word' id='word_1_147' title='bbox 1177 2527 1262 2598; x_wconf 82' lang='lat' dir='ltr'>dixi.</span> 
     </span>
    </p>
   </div>
   <div class='ocr_carea' id='block_1_7' title="bbox 616 2701 1000 2830">
    <p class='ocr_par' dir='ltr' id='par_1_11' title="bbox 616 2701 1000 2830">
     <span class='ocr_line' id='line_1_24' title="bbox 616 2701 1000 2830; baseline -0.003 -20"><span class='ocrx_word' id='word_1_148' title='bbox 616 2743 672 2810; x_wconf 78' lang='lat' dir='ltr'>De</span> <span class='ocrx_word' id='word_1_149' title='bbox 684 2742 773 2811; x_wconf 73' lang='lat' dir='ltr'>otras</span> <span class='ocrx_word' id='word_1_150' title='bbox 785 2743 906 2830; x_wconf 77' lang='lat' dir='ltr'>spatie.</span> <span class='ocrx_word' id='word_1_151' title='bbox 931 2701 933 2704; x_wconf 15' lang='grc' dir='ltr'>Ι</span> <span class='ocrx_word' id='word_1_152' title='bbox 959 2781 965 2792; x_wconf 82' lang='grc'><strong><em>·</em></strong></span> <span class='ocrx_word' id='word_1_153' title='bbox 995 2803 1000 2809; x_wconf 88' lang='grc'>.</span> 
     </span>
    </p>
   </div>
   <div class='ocr_carea' id='block_1_8' title="bbox 260 2889 1295 4010">
    <p class='ocr_par' dir='ltr' id='par_1_12' title="bbox 260 2889 1295 3610">
     <span class='ocr_line' id='line_1_25' title="bbox 364 2889 1264 2992; baseline 0.004 -26"><span class='ocrx_word' id='word_1_154' title='bbox 364 2889 463 2966; x_wconf 91' lang='lat' dir='ltr'>luter</span> <span class='ocrx_word' id='word_1_155' title='bbox 486 2921 546 2982; x_wconf 91' lang='lat' dir='ltr'>ea,</span> <span class='ocrx_word' id='word_1_156' title='bbox 583 2919 674 2991; x_wconf 89' lang='lat' dir='ltr'>quae</span> <span class='ocrx_word' id='word_1_157' title='bbox 699 2893 975 2968; x_wconf 86' lang='lat' dir='ltr'>considerantur</span> <span class='ocrx_word' id='word_1_158' title='bbox 998 2913 1083 2990; x_wconf 82' lang='lat' dir='ltr'>post</span> <span class='ocrx_word' id='word_1_159' title='bbox 1103 2912 1264 2992; x_wconf 86' lang='lat' dir='ltr'>partum,</span> 
     </span>
     <span class='ocr_line' id='line_1_26' title="bbox 260 2997 1263 3102; baseline 0.003 -31"><span class='ocrx_word' id='word_1_160' title='bbox 260 2999 456 3102; x_wconf 86' lang='lat' dir='ltr'>praecipua</span> <span class='ocrx_word' id='word_1_161' title='bbox 479 2997 640 3096; x_wconf 84' lang='lat' dir='ltr'>quaestio</span> <span class='ocrx_word' id='word_1_162' title='bbox 665 3012 718 3070; x_wconf 91' lang='lat' dir='ltr'>est</span> <span class='ocrx_word' id='word_1_163' title='bbox 741 3000 785 3068; x_wconf 92' lang='lat' dir='ltr'>de</span> <span class='ocrx_word' id='word_1_164' title='bbox 806 3001 902 3069; x_wconf 90' lang='lat' dir='ltr'>vitae</span> <span class='ocrx_word' id='word_1_165' title='bbox 922 3003 1052 3092; x_wconf 89' lang='lat' dir='ltr'>spatio.</span> <span class='ocrx_word' id='word_1_166' title='bbox 1112 3003 1263 3074; x_wconf 87' lang='lat' dir='ltr'>Ridicu-</span> 
     </span>
     <span class='ocr_line' id='line_1_27' title="bbox 261 3101 1262 3202; baseline 0.004 -28"><span class='ocrx_word' id='word_1_167' title='bbox 261 3107 337 3176; x_wconf 91' lang='lat' dir='ltr'>lum</span> <span class='ocrx_word' id='word_1_168' title='bbox 353 3117 405 3175; x_wconf 91' lang='lat' dir='ltr'>est</span> <span class='ocrx_word' id='word_1_169' title='bbox 421 3101 517 3174; x_wconf 88' lang='lat' dir='ltr'>enim</span> <span class='ocrx_word' id='word_1_170' title='bbox 533 3104 772 3196; x_wconf 90' lang='lat' dir='ltr'>pronuntiare</span> <span class='ocrx_word' id='word_1_171' title='bbox 787 3103 831 3173; x_wconf 93' lang='lat' dir='ltr'>de</span> <span class='ocrx_word' id='word_1_172' title='bbox 849 3103 1011 3176; x_wconf 89' lang='lat' dir='ltr'>moribus</span> <span class='ocrx_word' id='word_1_173' title='bbox 1027 3119 1136 3202; x_wconf 90' lang='lat' dir='ltr'>atque</span> <span class='ocrx_word' id='word_1_174' title='bbox 1152 3108 1262 3178; x_wconf 90' lang='lat' dir='ltr'>actio-</span> 
     </span>
     <span class='ocr_line' id='line_1_28' title="bbox 261 3207 1295 3304; baseline 0.007 -28"><span class='ocrx_word' id='word_1_175' title='bbox 261 3207 368 3280; x_wconf 89' lang='lat' dir='ltr'>nibus</span> <span class='ocrx_word' id='word_1_176' title='bbox 399 3207 496 3292; x_wconf 90' lang='lat' dir='ltr'>nati‚</span> <span class='ocrx_word' id='word_1_177' title='bbox 539 3208 600 3304; x_wconf 92' lang='lat' dir='ltr'>qui</span> <span class='ocrx_word' id='word_1_178' title='bbox 631 3232 707 3276; x_wconf 92' lang='lat' dir='ltr'>non</span> <span class='ocrx_word' id='word_1_179' title='bbox 728 3219 967 3300; x_wconf 86' lang='lat' dir='ltr'>perventurus</span> <span class='ocrx_word' id='word_1_180' title='bbox 991 3221 1044 3280; x_wconf 89' lang='lat' dir='ltr'>est</span> <span class='ocrx_word' id='word_1_181' title='bbox 1065 3209 1112 3278; x_wconf 93' lang='lat' dir='ltr'>ad</span> <span class='ocrx_word' id='word_1_182' title='bbox 1135 3234 1262 3296; x_wconf 89' lang='lat' dir='ltr'>annos,</span> <span class='ocrx_word' id='word_1_183' title='bbox 1294 3257 1295 3260; x_wconf 60' lang='lat'><em>=</em></span> 
     </span>
     <span class='ocr_line' id='line_1_29' title="bbox 262 3307 1263 3408; baseline 0.002 -26"><span class='ocrx_word' id='word_1_184' title='bbox 262 3313 392 3408; x_wconf 89' lang='lat' dir='ltr'>quibus</span> <span class='ocrx_word' id='word_1_185' title='bbox 427 3309 586 3382; x_wconf 87' lang='lat' dir='ltr'>actiones</span> <span class='ocrx_word' id='word_1_186' title='bbox 609 3311 691 3380; x_wconf 89' lang='lat' dir='ltr'>illae</span> <span class='ocrx_word' id='word_1_187' title='bbox 716 3324 931 3401; x_wconf 90' lang='lat' dir='ltr'>congruunt.</span> <span class='ocrx_word' id='word_1_188' title='bbox 992 3313 1061 3382; x_wconf 90' lang='lat' dir='ltr'>Sed</span> <span class='ocrx_word' id='word_1_189' title='bbox 1085 3307 1174 3384; x_wconf 88' lang='lat' dir='ltr'>haec</span> <span class='ocrx_word' id='word_1_190' title='bbox 1194 3316 1263 3384; x_wconf 92' lang='lat' dir='ltr'>do-</span> 
     </span>
     <span class='ocr_line' id='line_1_30' title="bbox 262 3413 1262 3505; baseline 0 -19"><span class='ocrx_word' id='word_1_191' title='bbox 262 3414 376 3486; x_wconf 90' lang='lat' dir='ltr'>ctrina</span> <span class='ocrx_word' id='word_1_192' title='bbox 393 3437 469 3483; x_wconf 92' lang='lat' dir='ltr'>non</span> <span class='ocrx_word' id='word_1_193' title='bbox 494 3426 546 3486; x_wconf 91' lang='lat' dir='ltr'>est</span> <span class='ocrx_word' id='word_1_194' title='bbox 568 3413 738 3505; x_wconf 87' lang='lat' dir='ltr'>simplex,</span> <span class='ocrx_word' id='word_1_195' title='bbox 773 3437 839 3482; x_wconf 91' lang='lat' dir='ltr'>nec</span> <span class='ocrx_word' id='word_1_196' title='bbox 861 3413 992 3494; x_wconf 87' lang='lat' dir='ltr'>facilis;</span> <span class='ocrx_word' id='word_1_197' title='bbox 1026 3417 1088 3486; x_wconf 90' lang='lat' dir='ltr'>sed</span> <span class='ocrx_word' id='word_1_198' title='bbox 1108 3417 1262 3488; x_wconf 86' lang='lat' dir='ltr'>sumitur</span> 
     </span>
     <span class='ocr_line' id='line_1_31' title="bbox 262 3515 1178 3610; baseline 0.002 -22"><span class='ocrx_word' id='word_1_199' title='bbox 262 3519 361 3588; x_wconf 91' lang='lat' dir='ltr'>varie</span> <span class='ocrx_word' id='word_1_200' title='bbox 379 3543 397 3586; x_wconf 89' lang='lat' dir='ltr'>a</span> <span class='ocrx_word' id='word_1_201' title='bbox 414 3517 597 3588; x_wconf 90' lang='lat' dir='ltr'>stellarum</span> <span class='ocrx_word' id='word_1_202' title='bbox 617 3515 882 3594; x_wconf 86' lang='lat' dir='ltr'>dominantium</span> <span class='ocrx_word' id='word_1_203' title='bbox 904 3519 1178 3610; x_wconf 85' lang='lat' dir='ltr'>praerogativis.</span> 
     </span>
    </p>

    <p class='ocr_par' dir='ltr' id='par_1_13' title="bbox 260 3617 1263 4010">
     <span class='ocr_line' id='line_1_32' title="bbox 363 3617 1262 3692; baseline -0.001 -2"><span class='ocrx_word' id='word_1_204' title='bbox 363 3619 497 3692; x_wconf 91' lang='lat' dir='ltr'>Modus</span> <span class='ocrx_word' id='word_1_205' title='bbox 511 3633 631 3691; x_wconf 92' lang='lat' dir='ltr'>autem</span> <span class='ocrx_word' id='word_1_206' title='bbox 652 3617 807 3688; x_wconf 84' lang='lat' dir='ltr'>maxime</span> <span class='ocrx_word' id='word_1_207' title='bbox 833 3633 1095 3691; x_wconf 91' lang='lat' dir='ltr'>consentaneus</span> <span class='ocrx_word' id='word_1_208' title='bbox 1115 3636 1262 3692; x_wconf 79' lang='lat' dir='ltr'>naucra-</span> 
     </span>
     <span class='ocr_line' id='line_1_33' title="bbox 260 3721 1262 3818; baseline -0.002 -22"><span class='ocrx_word' id='word_1_209' title='bbox 260 3725 354 3796; x_wconf 91' lang='lat' dir='ltr'>libus</span> <span class='ocrx_word' id='word_1_210' title='bbox 370 3723 572 3796; x_wconf 91' lang='lat' dir='ltr'>rationibus</span> <span class='ocrx_word' id='word_1_211' title='bbox 596 3735 667 3806; x_wconf 91' lang='lat' dir='ltr'>est,</span> <span class='ocrx_word' id='word_1_212' title='bbox 697 3721 760 3818; x_wconf 92' lang='lat' dir='ltr'>qui</span> <span class='ocrx_word' id='word_1_213' title='bbox 783 3723 938 3794; x_wconf 92' lang='lat' dir='ltr'>sumitur</span> <span class='ocrx_word' id='word_1_214' title='bbox 960 3750 1003 3794; x_wconf 87' lang='lat' dir='ltr'>ex</span> <span class='ocrx_word' id='word_1_215' title='bbox 1024 3735 1262 3818; x_wconf 86' lang='lat' dir='ltr'>prorogatore</span> 
     </span>
     <span class='ocr_line' id='line_1_34' title="bbox 263 3825 1263 3919; baseline 0.001 -20"><span class='ocrx_word' id='word_1_216' title='bbox 263 3839 355 3899; x_wconf 83' lang='lat' dir='ltr'>etex</span> <span class='ocrx_word' id='word_1_217' title='bbox 371 3830 601 3898; x_wconf 84' lang='lat' dir='ltr'>dominatore</span> <span class='ocrx_word' id='word_1_218' title='bbox 618 3825 887 3919; x_wconf 90' lang='lat' dir='ltr'>prorogatoris,</span> <span class='ocrx_word' id='word_1_219' title='bbox 915 3851 955 3896; x_wconf 94' lang='lat' dir='ltr'>ac</span> <span class='ocrx_word' id='word_1_220' title='bbox 973 3853 1097 3900; x_wconf 89' lang='lat' dir='ltr'>rursus</span> <span class='ocrx_word' id='word_1_221' title='bbox 1112 3854 1154 3898; x_wconf 84' lang='lat' dir='ltr'>ex</span> <span class='ocrx_word' id='word_1_222' title='bbox 1176 3827 1263 3900; x_wconf 89' lang='lat' dir='ltr'>locis</span> 
     </span>
     <span class='ocr_line' id='line_1_35' title="bbox 263 3929 831 4010; baseline -0.005 -7"><span class='ocrx_word' id='word_1_223' title='bbox 263 3943 298 4003; x_wconf 92' lang='lat' dir='ltr'>et</span> <span class='ocrx_word' id='word_1_224' title='bbox 315 3931 425 4010; x_wconf 81' lang='lat' dir='ltr'>stellis</span> <span class='ocrx_word' id='word_1_225' title='bbox 442 3929 748 4002; x_wconf 88' lang='lat' dir='ltr'>interficientibus.</span> <span class='ocrx_word' id='word_1_226' title='bbox 824 3929 831 3948; x_wconf 79' lang='lat'>⁸</span> 
     </span>
    </p>
   </div>
   <div class='ocr_carea' id='block_1_9' title="bbox 572 4135 954 4228">
    <p class='ocr_par' dir='ltr' id='par_1_14' title="bbox 572 4135 954 4228">
     <span class='ocr_line' id='line_1_36' title="bbox 572 4135 954 4228; baseline 0 -20"><span class='ocrx_word' id='word_1_227' title='bbox 572 4139 628 4208; x_wconf 86' lang='lat' dir='ltr'>De</span> <span class='ocrx_word' id='word_1_228' title='bbox 644 4135 712 4207; x_wconf 87' lang='lat' dir='ltr'>loco</span> <span class='ocrx_word' id='word_1_229' title='bbox 724 4145 954 4228; x_wconf 64' lang='lat' dir='ltr'>prorogatam.</span> 
     </span>
    </p>
   </div>
   <div class='ocr_carea' id='block_1_10' title="bbox 214 4290 1265 5418">
    <p class='ocr_par' dir='ltr' id='par_1_15' title="bbox 214 4290 1265 5418">
     <span class='ocr_line' id='line_1_37' title="bbox 280 4290 1262 4386; baseline 0.004 -24"><span class='ocrx_word' id='word_1_230' title='bbox 280 4366 284 4374; x_wconf 69' lang='grc'><strong>,</strong></span> <span class='ocrx_word' id='word_1_231' title='bbox 365 4291 530 4363; x_wconf 86' lang='lat' dir='ltr'>Primum</span> <span class='ocrx_word' id='word_1_232' title='bbox 559 4290 704 4386; x_wconf 91' lang='lat' dir='ltr'>quidem</span> <span class='ocrx_word' id='word_1_233' title='bbox 741 4292 1016 4364; x_wconf 81' lang='lat' dir='ltr'>existimandum</span> <span class='ocrx_word' id='word_1_234' title='bbox 1052 4305 1122 4378; x_wconf 88' lang='lat' dir='ltr'>est,</span> <span class='ocrx_word' id='word_1_235' title='bbox 1163 4295 1262 4366; x_wconf 87' lang='lat' dir='ltr'>locos</span> 
     </span>
     <span class='ocr_line' id='line_1_38' title="bbox 263 4385 1260 4489; baseline 0.004 -27"><span class='ocrx_word' id='word_1_236' title='bbox 263 4385 519 4486; x_wconf 81' lang='lat' dir='ltr'>prorogatores</span> <span class='ocrx_word' id='word_1_237' title='bbox 535 4419 631 4479; x_wconf 87' lang='lat' dir='ltr'>esse,</span> <span class='ocrx_word' id='word_1_238' title='bbox 657 4395 695 4464; x_wconf 89' lang='lat' dir='ltr'>io</span> <span class='ocrx_word' id='word_1_239' title='bbox 722 4395 851 4489; x_wconf 88' lang='lat' dir='ltr'>quibus</span> <span class='ocrx_word' id='word_1_240' title='bbox 872 4409 925 4466; x_wconf 89' lang='lat' dir='ltr'>est</span> <span class='ocrx_word' id='word_1_241' title='bbox 948 4397 1047 4468; x_wconf 91' lang='lat' dir='ltr'>stella</span> <span class='ocrx_word' id='word_1_242' title='bbox 1072 4409 1260 4489; x_wconf 88' lang='lat' dir='ltr'>acceptura</span> 
     </span>
     <span class='ocr_line' id='line_1_39' title="bbox 264 4493 1265 4595; baseline 0.003 -29"><span class='ocrx_word' id='word_1_243' title='bbox 264 4498 466 4568; x_wconf 85' lang='lat' dir='ltr'>dominium</span> <span class='ocrx_word' id='word_1_244' title='bbox 489 4498 774 4590; x_wconf 85' lang='lat' dir='ltr'>prorogationis:</span> <span class='ocrx_word' id='word_1_245' title='bbox 810 4493 1072 4591; x_wconf 83' lang='lat' dir='ltr'>horoscopum,</span> <span class='ocrx_word' id='word_1_246' title='bbox 1107 4525 1127 4569; x_wconf 90' lang='lat' dir='ltr'>a</span> <span class='ocrx_word' id='word_1_247' title='bbox 1155 4501 1265 4595; x_wconf 85' lang='lat' dir='ltr'>quin-</span> 
     </span>
     <span class='ocr_line' id='line_1_40' title="bbox 265 4597 1263 4698; baseline 0.002 -28"><span class='ocrx_word' id='word_1_248' title='bbox 265 4623 334 4694; x_wconf 89' lang='lat' dir='ltr'>que</span> <span class='ocrx_word' id='word_1_249' title='bbox 363 4600 527 4692; x_wconf 87' lang='lat' dir='ltr'>partibus</span> <span class='ocrx_word' id='word_1_250' title='bbox 561 4625 668 4696; x_wconf 88' lang='lat' dir='ltr'>supra</span> <span class='ocrx_word' id='word_1_251' title='bbox 695 4597 941 4686; x_wconf 85' lang='lat' dir='ltr'>horizontem,</span> <span class='ocrx_word' id='word_1_252' title='bbox 974 4627 1087 4698; x_wconf 86' lang='lat' dir='ltr'>usque</span> <span class='ocrx_word' id='word_1_253' title='bbox 1108 4605 1154 4672; x_wconf 92' lang='lat' dir='ltr'>ad</span> <span class='ocrx_word' id='word_1_254' title='bbox 1179 4604 1263 4672; x_wconf 87' lang='lat' dir='ltr'>reli·</span> 
     </span>
     <span class='ocr_line' id='line_1_41' title="bbox 265 4703 1261 4799; baseline 0.002 -25"><span class='ocrx_word' id='word_1_255' title='bbox 265 4727 354 4798; x_wconf 81' lang='lat' dir='ltr'>quas</span> <span class='ocrx_word' id='word_1_256' title='bbox 387 4703 547 4799; x_wconf 83' lang='lat' dir='ltr'>quinque</span> <span class='ocrx_word' id='word_1_257' title='bbox 579 4719 614 4776; x_wconf 88' lang='lat' dir='ltr'>et</span> <span class='ocrx_word' id='word_1_258' title='bbox 645 4704 773 4796; x_wconf 85' lang='lat' dir='ltr'>viginti</span> <span class='ocrx_word' id='word_1_259' title='bbox 807 4718 1015 4799; x_wconf 89' lang='lat' dir='ltr'>sequentes,</span> <span class='ocrx_word' id='word_1_260' title='bbox 1047 4719 1085 4774; x_wconf 91' lang='lat' dir='ltr'>et</span> <span class='ocrx_word' id='word_1_261' title='bbox 1110 4707 1261 4778; x_wconf 88' lang='lat' dir='ltr'>domum</span> 
     </span>
     <span class='ocr_line' id='line_1_42' title="bbox 263 4807 1261 4899; baseline -0.001 -20"><span class='ocrx_word' id='word_1_262' title='bbox 263 4807 513 4891; x_wconf 82' lang='lat' dir='ltr'>undecimam,</span> <span class='ocrx_word' id='word_1_263' title='bbox 548 4808 605 4878; x_wconf 91' lang='lat' dir='ltr'>cui</span> <span class='ocrx_word' id='word_1_264' title='bbox 622 4832 756 4878; x_wconf 91' lang='lat' dir='ltr'>nomen</span> <span class='ocrx_word' id='word_1_265' title='bbox 773 4821 826 4878; x_wconf 89' lang='lat' dir='ltr'>est</span> <span class='ocrx_word' id='word_1_266' title='bbox 841 4809 966 4880; x_wconf 87' lang='lat' dir='ltr'>Bonus</span> <span class='ocrx_word' id='word_1_267' title='bbox 988 4809 1129 4899; x_wconf 85' lang='lat' dir='ltr'>genius;</span> <span class='ocrx_word' id='word_1_268' title='bbox 1165 4821 1202 4878; x_wconf 89' lang='lat' dir='ltr'>et</span> <span class='ocrx_word' id='word_1_269' title='bbox 1222 4809 1261 4878; x_wconf 89' lang='lat' dir='ltr'>in</span> 
     </span>
     <span class='ocr_line' id='line_1_43' title="bbox 214 4907 1261 5004; baseline -0.001 -21"><span class='ocrx_word' id='word_1_270' title='bbox 214 4937 216 4944; x_wconf 75' lang='grc'><em>’</em></span> <span class='ocrx_word' id='word_1_271' title='bbox 264 4911 386 4983; x_wconf 79' lang='lat' dir='ltr'>dextra</span> <span class='ocrx_word' id='word_1_272' title='bbox 416 4925 518 5002; x_wconf 91' lang='lat' dir='ltr'>parte</span> <span class='ocrx_word' id='word_1_273' title='bbox 551 4911 702 5002; x_wconf 87' lang='lat' dir='ltr'>adspicit</span> <span class='ocrx_word' id='word_1_274' title='bbox 729 4907 917 5003; x_wconf 87' lang='lat' dir='ltr'>hexagono</span> <span class='ocrx_word' id='word_1_275' title='bbox 947 4912 1118 5004; x_wconf 90' lang='lat' dir='ltr'>adspectu</span> <span class='ocrx_word' id='word_1_276' title='bbox 1141 4935 1261 4982; x_wconf 84' lang='lat' dir='ltr'>aseen-</span> 
     </span>
     <span class='ocr_line' id='line_1_44' title="bbox 264 5014 1261 5108; baseline 0 -23"><span class='ocrx_word' id='word_1_277' title='bbox 264 5016 370 5094; x_wconf 78' lang='lat' dir='ltr'>dens3</span> <span class='ocrx_word' id='word_1_278' title='bbox 412 5014 496 5084; x_wconf 86' lang='lat' dir='ltr'>item</span> <span class='ocrx_word' id='word_1_279' title='bbox 525 5015 683 5084; x_wconf 89' lang='lat' dir='ltr'>medium</span> <span class='ocrx_word' id='word_1_280' title='bbox 707 5015 818 5096; x_wconf 88' lang='lat' dir='ltr'>coeli,</span> <span class='ocrx_word' id='word_1_281' title='bbox 860 5017 956 5108; x_wconf 89' lang='lat' dir='ltr'>quod</span> <span class='ocrx_word' id='word_1_282' title='bbox 987 5017 1165 5108; x_wconf 84' lang='lat' dir='ltr'>quadrato</span> <span class='ocrx_word' id='word_1_283' title='bbox 1194 5017 1261 5085; x_wconf 90' lang='lat' dir='ltr'>ad·</span> 
     </span>
     <span class='ocr_line' id='line_1_45' title="bbox 263 5116 1261 5208; baseline 0.001 -22"><span class='ocrx_word' id='word_1_284' title='bbox 263 5127 387 5208; x_wconf 89' lang='lat' dir='ltr'>spectu</span> <span class='ocrx_word' id='word_1_285' title='bbox 402 5119 596 5188; x_wconf 83' lang='lat' dir='ltr'>ascendens</span> <span class='ocrx_word' id='word_1_286' title='bbox 615 5117 792 5196; x_wconf 86' lang='lat' dir='ltr'>intuetur;</span> <span class='ocrx_word' id='word_1_287' title='bbox 826 5116 914 5186; x_wconf 88' lang='lat' dir='ltr'>item</span> <span class='ocrx_word' id='word_1_288' title='bbox 936 5141 1071 5186; x_wconf 87' lang='lat' dir='ltr'>nonam</span> <span class='ocrx_word' id='word_1_289' title='bbox 1096 5119 1261 5203; x_wconf 87' lang='lat' dir='ltr'>domum,</span> 
     </span>
     <span class='ocr_line' id='line_1_46' title="bbox 265 5215 1261 5313; baseline 0.003 -24"><span class='ocrx_word' id='word_1_290' title='bbox 265 5219 323 5290; x_wconf 90' lang='lat' dir='ltr'>cui</span> <span class='ocrx_word' id='word_1_291' title='bbox 344 5240 479 5304; x_wconf 79' lang='lat' dir='ltr'>nomen</span> <span class='ocrx_word' id='word_1_292' title='bbox 497 5233 552 5293; x_wconf 87' lang='lat' dir='ltr'>est</span> <span class='ocrx_word' id='word_1_293' title='bbox 573 5219 695 5304; x_wconf 87' lang='lat' dir='ltr'>Deus,</span> <span class='ocrx_word' id='word_1_294' title='bbox 726 5243 767 5290; x_wconf 88' lang='lat' dir='ltr'>ac</span> <span class='ocrx_word' id='word_1_295' title='bbox 790 5219 940 5312; x_wconf 79' lang='lat' dir='ltr'>trigono·</span> <span class='ocrx_word' id='word_1_296' title='bbox 957 5221 1128 5313; x_wconf 87' lang='lat' dir='ltr'>adspectu</span> <span class='ocrx_word' id='word_1_297' title='bbox 1148 5215 1261 5292; x_wconf 89' lang='lat' dir='ltr'>horo·</span> 
     </span>
     <span class='ocr_line' id='line_1_47' title="bbox 264 5323 1259 5418; baseline 0.002 -26"><span class='ocrx_word' id='word_1_298' title='bbox 264 5346 413 5414; x_wconf 68' lang='lat' dir='ltr'>scoparm</span> <span class='ocrx_word' id='word_1_299' title='bbox 429 5324 598 5418; x_wconf 70' lang='lat' dir='ltr'>adspicitc</span> <span class='ocrx_word' id='word_1_300' title='bbox 615 5325 700 5394; x_wconf 89' lang='lat' dir='ltr'>item</span> <span class='ocrx_word' id='word_1_301' title='bbox 717 5347 904 5408; x_wconf 90' lang='lat' dir='ltr'>occasum,</span> <span class='ocrx_word' id='word_1_302' title='bbox 920 5323 986 5418; x_wconf 90' lang='lat' dir='ltr'>qui</span> <span class='ocrx_word' id='word_1_303' title='bbox 1003 5323 1189 5416; x_wconf 87' lang='lat' dir='ltr'>oppositus</span> <span class='ocrx_word' id='word_1_304' title='bbox 1207 5338 1259 5396; x_wconf 90' lang='lat' dir='ltr'>est</span> 
     </span>
    </p>
   </div>
   <div class='ocr_carea' id='block_1_11' title="bbox 262 5419 480 5521">
    <p class='ocr_par' dir='ltr' id='par_1_16' title="bbox 262 5419 480 5521">
     <span class='ocr_line' id='line_1_48' title="bbox 262 5419 480 5521; baseline 0.005 -22"><span class='ocrx_word' id='word_1_305' title='bbox 262 5419 480 5521; x_wconf 78' lang='lat' dir='ltr'>horoscopo.</span> 
     </span>
    </p>
   </div>
   <div class='ocr_carea' id='block_1_12' title="bbox 714 191 1739 270">
    <p class='ocr_par' dir='ltr' id='par_1_17' title="bbox 714 191 1739 270">
     <span class='ocr_line' id='line_1_49' title="bbox 714 191 1739 270; baseline 0 0"><span class='ocrx_word' id='word_1_306' title='bbox 714 214 720 227; x_wconf 85' lang='lat'>&#39;</span> <span class='ocrx_word' id='word_1_307' title='bbox 815 229 818 237; x_wconf 61' lang='grc'>’</span> <span class='ocrx_word' id='word_1_308' title='bbox 853 191 980 270; x_wconf 72' lang='lat' dir='ltr'>Pfflla</span> <span class='ocrx_word' id='word_1_309' title='bbox 1015 191 1131 268; x_wconf 70' lang='lat' dir='ltr'>taut..</span> <span class='ocrx_word' id='word_1_310' title='bbox 1161 193 1366 270; x_wconf 76' lang='lat' dir='ltr'>sutttm</span> <span class='ocrx_word' id='word_1_311' title='bbox 1398 193 1739 270; x_wconf 71' lang='lat' dir='ltr'>rhuotoutct.</span> 
     </span>
    </p>
   </div>
   <div class='ocr_carea' id='block_1_13' title="bbox 2268 217 2320 290">
    <p class='ocr_par' dir='ltr' id='par_1_18' title="bbox 2268 217 2320 290">
     <span class='ocr_line' id='line_1_50' title="bbox 2268 217 2320 290; baseline 0.096 -5"><span class='ocrx_word' id='word_1_312' title='bbox 2268 217 2320 290; x_wconf 77' lang='lat' dir='ltr'>te</span> 
     </span>
    </p>
   </div>
   <div class='ocr_carea' id='block_1_14' title="bbox 1315 367 2319 2316">
    <p class='ocr_par' dir='ltr' id='par_1_19' title="bbox 1317 367 2319 858">
     <span class='ocr_line' id='line_1_51' title="bbox 1423 367 2319 478; baseline 0.007 -38"><span class='ocrx_word' id='word_1_313' title='bbox 1423 367 1514 440; x_wconf 87' lang='lat' dir='ltr'>Cum</span> <span class='ocrx_word' id='word_1_314' title='bbox 1531 381 1651 440; x_wconf 85' lang='lat' dir='ltr'>autem</span> <span class='ocrx_word' id='word_1_315' title='bbox 1667 371 1877 464; x_wconf 84' lang='lat' dir='ltr'>quaerimus</span> <span class='ocrx_word' id='word_1_316' title='bbox 1890 375 1929 446; x_wconf 89' lang='lat' dir='ltr'>in</span> <span class='ocrx_word' id='word_1_317' title='bbox 1951 373 2009 450; x_wconf 89' lang='lat' dir='ltr'>his</span> <span class='ocrx_word' id='word_1_318' title='bbox 2031 379 2119 455; x_wconf 83' lang='lat' dir='ltr'>lacis</span> <span class='ocrx_word' id='word_1_319' title='bbox 2141 390 2319 478; x_wconf 86' lang='lat' dir='ltr'>potentis.</span> 
     </span>
     <span class='ocr_line' id='line_1_52' title="bbox 1317 470 2319 565; baseline 0.024 -24"><span class='ocrx_word' id='word_1_320' title='bbox 1317 470 1471 556; x_wconf 92' lang='lat' dir='ltr'>simum,</span> <span class='ocrx_word' id='word_1_321' title='bbox 1510 471 1649 564; x_wconf 92' lang='lat' dir='ltr'>primus</span> <span class='ocrx_word' id='word_1_322' title='bbox 1679 474 1747 543; x_wconf 91' lang='lat' dir='ltr'>erit</span> <span class='ocrx_word' id='word_1_323' title='bbox 1776 479 1933 550; x_wconf 90' lang='lat' dir='ltr'>medium</span> <span class='ocrx_word' id='word_1_324' title='bbox 1957 484 2065 565; x_wconf 70' lang='lat' dir='ltr'>coelia</span> <span class='ocrx_word' id='word_1_325' title='bbox 2097 489 2228 561; x_wconf 84' lang='lat' dir='ltr'>deinde</span> <span class='ocrx_word' id='word_1_326' title='bbox 2250 490 2319 564; x_wconf 67' lang='lat' dir='ltr'>ho&#39;h</span> 
     </span>
     <span class='ocr_line' id='line_1_53' title="bbox 1318 579 2319 673; baseline 0.026 -31"><span class='ocrx_word' id='word_1_327' title='bbox 1318 579 1508 666; x_wconf 86' lang='lat' dir='ltr'>roscopus;</span> <span class='ocrx_word' id='word_1_328' title='bbox 1560 587 1684 667; x_wconf 88' lang='lat' dir='ltr'>postea</span> <span class='ocrx_word' id='word_1_329' title='bbox 1715 581 1903 652; x_wconf 85' lang='lat' dir='ltr'>undecima</span> <span class='ocrx_word' id='word_1_330' title='bbox 1937 587 2084 673; x_wconf 90' lang='lat' dir='ltr'>domus,</span> <span class='ocrx_word' id='word_1_331' title='bbox 2124 597 2319 669; x_wconf 72' lang='lat' dir='ltr'>succedens</span> 
     </span>
     <span class='ocr_line' id='line_1_54' title="bbox 1318 677 2318 780; baseline 0.027 -34"><span class='ocrx_word' id='word_1_332' title='bbox 1318 677 1438 748; x_wconf 93' lang='lat' dir='ltr'>medio</span> <span class='ocrx_word' id='word_1_333' title='bbox 1455 678 1564 758; x_wconf 82' lang='lat' dir='ltr'>coeli;</span> <span class='ocrx_word' id='word_1_334' title='bbox 1592 679 1720 752; x_wconf 91' lang='lat' dir='ltr'>deinde</span> <span class='ocrx_word' id='word_1_335' title='bbox 1737 706 1899 768; x_wconf 90' lang='lat' dir='ltr'>occasus;</span> <span class='ocrx_word' id='word_1_336' title='bbox 1923 701 2047 780; x_wconf 87' lang='lat' dir='ltr'>postea</span> <span class='ocrx_word' id='word_1_337' title='bbox 2063 715 2160 764; x_wconf 84' lang='lat' dir='ltr'>nona</span> <span class='ocrx_word' id='word_1_338' title='bbox 2186 699 2318 773; x_wconf 85' lang='lat' dir='ltr'>domus</span> 
     </span>
     <span class='ocr_line' id='line_1_55' title="bbox 1319 781 1825 858; baseline 0.018 -10"><span class='ocrx_word' id='word_1_339' title='bbox 1319 782 1532 852; x_wconf 90' lang='lat' dir='ltr'>antecedens</span> <span class='ocrx_word' id='word_1_340' title='bbox 1545 781 1704 854; x_wconf 90' lang='lat' dir='ltr'>medium</span> <span class='ocrx_word' id='word_1_341' title='bbox 1723 785 1825 858; x_wconf 89' lang='lat' dir='ltr'>coeli.</span> 
     </span>
    </p>

    <p class='ocr_par' dir='ltr' id='par_1_20' title="bbox 1315 881 2318 2316">
     <span class='ocr_line' id='line_1_56' title="bbox 1420 881 2318 986; baseline 0.02 -30"><span class='ocrx_word' id='word_1_342' title='bbox 1420 881 1515 956; x_wconf 87' lang='lat' dir='ltr'>Nam</span> <span class='ocrx_word' id='word_1_343' title='bbox 1536 885 1657 958; x_wconf 89' lang='lat' dir='ltr'>omnia</span> <span class='ocrx_word' id='word_1_344' title='bbox 1673 887 1749 958; x_wconf 92' lang='lat' dir='ltr'>loca</span> <span class='ocrx_word' id='word_1_345' title='bbox 1767 890 1832 961; x_wconf 92' lang='lat' dir='ltr'>sub</span> <span class='ocrx_word' id='word_1_346' title='bbox 1856 903 1950 960; x_wconf 89' lang='lat' dir='ltr'>terra</span> <span class='ocrx_word' id='word_1_347' title='bbox 1974 899 2210 986; x_wconf 88' lang='lat' dir='ltr'>probabiliter</span> <span class='ocrx_word' id='word_1_348' title='bbox 2231 904 2318 974; x_wconf 88' lang='lat' dir='ltr'>reii-</span> 
     </span>
     <span class='ocr_line' id='line_1_57' title="bbox 1318 983 2317 1098; baseline 0.028 -47"><span class='ocrx_word' id='word_1_349' title='bbox 1318 983 1443 1070; x_wconf 88' lang='lat' dir='ltr'>cimus‚</span> <span class='ocrx_word' id='word_1_350' title='bbox 1469 989 1566 1080; x_wconf 90' lang='lat' dir='ltr'>quod</span> <span class='ocrx_word' id='word_1_351' title='bbox 1582 989 1629 1058; x_wconf 92' lang='lat' dir='ltr'>ad</span> <span class='ocrx_word' id='word_1_352' title='bbox 1642 984 1736 1059; x_wconf 91' lang='lat' dir='ltr'>hanc</span> <span class='ocrx_word' id='word_1_353' title='bbox 1751 1005 1963 1082; x_wconf 88' lang='lat' dir='ltr'>potestatem</span> <span class='ocrx_word' id='word_1_354' title='bbox 1980 999 2124 1084; x_wconf 86' lang='lat' dir='ltr'>attinet;</span> <span class='ocrx_word' id='word_1_355' title='bbox 2149 1027 2216 1074; x_wconf 90' lang='lat' dir='ltr'>nec</span> <span class='ocrx_word' id='word_1_356' title='bbox 2230 1031 2317 1098; x_wconf 87' lang='lat' dir='ltr'>pro·</span> 
     </span>
     <span class='ocr_line' id='line_1_58' title="bbox 1316 1089 2318 1188; baseline 0.025 -31"><span class='ocrx_word' id='word_1_357' title='bbox 1316 1089 1463 1172; x_wconf 88' lang='lat' dir='ltr'>bamus,</span> <span class='ocrx_word' id='word_1_358' title='bbox 1489 1089 1559 1160; x_wconf 91' lang='lat' dir='ltr'>nisi</span> <span class='ocrx_word' id='word_1_359' title='bbox 1580 1115 1644 1176; x_wconf 92' lang='lat' dir='ltr'>ea,</span> <span class='ocrx_word' id='word_1_360' title='bbox 1670 1117 1763 1186; x_wconf 93' lang='lat' dir='ltr'>quae</span> <span class='ocrx_word' id='word_1_361' title='bbox 1786 1120 1894 1188; x_wconf 87' lang='lat' dir='ltr'>supra</span> <span class='ocrx_word' id='word_1_362' title='bbox 1918 1109 2051 1172; x_wconf 87' lang='lat' dir='ltr'>terram</span> <span class='ocrx_word' id='word_1_363' title='bbox 2078 1109 2318 1182; x_wconf 86' lang='lat' dir='ltr'>ascenderunt</span> 
     </span>
     <span class='ocr_line' id='line_1_59' title="bbox 1318 1193 2317 1297; baseline 0.02 -38"><span class='ocrx_word' id='word_1_364' title='bbox 1318 1203 1426 1284; x_wconf 91' lang='lat' dir='ltr'>atque</span> <span class='ocrx_word' id='word_1_365' title='bbox 1449 1207 1635 1284; x_wconf 89' lang='lat' dir='ltr'>apparent.</span> <span class='ocrx_word' id='word_1_366' title='bbox 1701 1193 1778 1266; x_wconf 91' lang='lat' dir='ltr'>Imo</span> <span class='ocrx_word' id='word_1_367' title='bbox 1801 1222 1868 1268; x_wconf 91' lang='lat' dir='ltr'>nec</span> <span class='ocrx_word' id='word_1_368' title='bbox 1889 1200 2008 1271; x_wconf 91' lang='lat' dir='ltr'>locum</span> <span class='ocrx_word' id='word_1_369' title='bbox 2034 1229 2140 1297; x_wconf 89' lang='lat' dir='ltr'>supra</span> <span class='ocrx_word' id='word_1_370' title='bbox 2166 1222 2317 1295; x_wconf 89' lang='lat' dir='ltr'>terram,</span> 
     </span>
     <span class='ocr_line' id='line_1_60' title="bbox 1318 1293 2317 1395; baseline 0.018 -33"><span class='ocrx_word' id='word_1_371' title='bbox 1318 1293 1480 1389; x_wconf 91' lang='lat' dir='ltr'>quinon</span> <span class='ocrx_word' id='word_1_372' title='bbox 1504 1296 1656 1389; x_wconf 89' lang='lat' dir='ltr'>adspicit</span> <span class='ocrx_word' id='word_1_373' title='bbox 1677 1301 1890 1386; x_wconf 86' lang='lat' dir='ltr'>ascendens,</span> <span class='ocrx_word' id='word_1_374' title='bbox 1922 1307 1986 1395; x_wconf 82' lang='lat' dir='ltr'>¹sed</span> <span class='ocrx_word' id='word_1_375' title='bbox 2011 1307 2146 1379; x_wconf 87' lang='lat' dir='ltr'>otiosus</span> <span class='ocrx_word' id='word_1_376' title='bbox 2170 1311 2317 1394; x_wconf 89' lang='lat' dir='ltr'>dicitur,</span> 
     </span>
     <span class='ocr_line' id='line_1_61' title="bbox 1317 1398 2316 1504; baseline 0.017 -40"><span class='ocrx_word' id='word_1_377' title='bbox 1317 1421 1498 1468; x_wconf 87' lang='lat' dir='ltr'>assumere</span> <span class='ocrx_word' id='word_1_378' title='bbox 1512 1401 1676 1490; x_wconf 87' lang='lat' dir='ltr'>prodest;</span> <span class='ocrx_word' id='word_1_379' title='bbox 1709 1425 1775 1472; x_wconf 91' lang='lat' dir='ltr'>nec</span> <span class='ocrx_word' id='word_1_380' title='bbox 1791 1398 2062 1494; x_wconf 88' lang='lat' dir='ltr'>duodecimam,</span> <span class='ocrx_word' id='word_1_381' title='bbox 2097 1435 2187 1504; x_wconf 88' lang='lat' dir='ltr'>qnae</span> <span class='ocrx_word' id='word_1_382' title='bbox 2209 1438 2316 1482; x_wconf 91' lang='lat' dir='ltr'>voca·</span> 
     </span>
     <span class='ocr_line' id='line_1_62' title="bbox 1317 1500 2315 1605; baseline 0.014 -35"><span class='ocrx_word' id='word_1_383' title='bbox 1317 1511 1378 1571; x_wconf 78' lang='lat' dir='ltr'>tu‘r</span> <span class='ocrx_word' id='word_1_384' title='bbox 1389 1500 1508 1572; x_wconf 91' lang='lat' dir='ltr'>Malus</span> <span class='ocrx_word' id='word_1_385' title='bbox 1525 1504 1667 1594; x_wconf 86' lang='lat' dir='ltr'>genius,</span> <span class='ocrx_word' id='word_1_386' title='bbox 1694 1505 1779 1600; x_wconf 94' lang='lat' dir='ltr'>quia</span> <span class='ocrx_word' id='word_1_387' title='bbox 1795 1508 1926 1591; x_wconf 88' lang='lat' dir='ltr'>stellas,</span> <span class='ocrx_word' id='word_1_388' title='bbox 1953 1535 2047 1605; x_wconf 85' lang='lat' dir='ltr'>quae</span> <span class='ocrx_word' id='word_1_389' title='bbox 2063 1513 2108 1582; x_wconf 92' lang='lat' dir='ltr'>ab</span> <span class='ocrx_word' id='word_1_390' title='bbox 2125 1511 2315 1585; x_wconf 84' lang='lat' dir='ltr'>horizonte</span> 
     </span>
     <span class='ocr_line' id='line_1_63' title="bbox 1316 1607 2316 1708; baseline 0.018 -37"><span class='ocrx_word' id='word_1_391' title='bbox 1316 1617 1586 1695; x_wconf 89' lang='lat' dir='ltr'>processerunt,</span> <span class='ocrx_word' id='word_1_392' title='bbox 1613 1607 1774 1680; x_wconf 87' lang='lat' dir='ltr'>turbidas</span> <span class='ocrx_word' id='word_1_393' title='bbox 1800 1611 1938 1695; x_wconf 86' lang='lat' dir='ltr'>reddit,</span> <span class='ocrx_word' id='word_1_394' title='bbox 1970 1626 2006 1682; x_wconf 88' lang='lat' dir='ltr'>et</span> <span class='ocrx_word' id='word_1_395' title='bbox 2031 1616 2077 1684; x_wconf 90' lang='lat' dir='ltr'>ab</span> <span class='ocrx_word' id='word_1_396' title='bbox 2100 1619 2232 1708; x_wconf 85' lang='lat' dir='ltr'>angulo</span> <span class='ocrx_word' id='word_1_397' title='bbox 2257 1641 2316 1689; x_wconf 84' lang='lat' dir='ltr'>ca-</span> 
     </span>
     <span class='ocr_line' id='line_1_64' title="bbox 1317 1703 2315 1809; baseline 0.017 -33"><span class='ocrx_word' id='word_1_398' title='bbox 1317 1703 1389 1788; x_wconf 90' lang='lat' dir='ltr'>dit;</span> <span class='ocrx_word' id='word_1_399' title='bbox 1421 1719 1457 1776; x_wconf 89' lang='lat' dir='ltr'>et</span> <span class='ocrx_word' id='word_1_400' title='bbox 1474 1732 1554 1776; x_wconf 92' lang='lat' dir='ltr'>cum</span> <span class='ocrx_word' id='word_1_401' title='bbox 1574 1703 1741 1780; x_wconf 84' lang='lat' dir='ltr'>exhalent</span> <span class='ocrx_word' id='word_1_402' title='bbox 1756 1711 1795 1782; x_wconf 92' lang='lat' dir='ltr'>in</span> <span class='ocrx_word' id='word_1_403' title='bbox 1811 1737 1891 1784; x_wconf 88' lang='lat' dir='ltr'>eum</span> <span class='ocrx_word' id='word_1_404' title='bbox 1909 1739 1952 1784; x_wconf 84' lang='lat' dir='ltr'>ex</span> <span class='ocrx_word' id='word_1_405' title='bbox 1968 1728 2064 1785; x_wconf 89' lang='lat' dir='ltr'>terra</span> <span class='ocrx_word' id='word_1_406' title='bbox 2079 1741 2233 1809; x_wconf 85' lang='lat' dir='ltr'>vapores</span> <span class='ocrx_word' id='word_1_407' title='bbox 2246 1716 2315 1792; x_wconf 82' lang='lat' dir='ltr'>hu-</span> 
     </span>
     <span class='ocr_line' id='line_1_65' title="bbox 1317 1807 2316 1913; baseline 0.016 -35"><span class='ocrx_word' id='word_1_408' title='bbox 1317 1807 1426 1894; x_wconf 91' lang='lat' dir='ltr'>midi,</span> <span class='ocrx_word' id='word_1_409' title='bbox 1449 1809 1551 1880; x_wconf 90' lang='lat' dir='ltr'>densi</span> <span class='ocrx_word' id='word_1_410' title='bbox 1567 1823 1603 1880; x_wconf 91' lang='lat' dir='ltr'>et</span> <span class='ocrx_word' id='word_1_411' title='bbox 1619 1812 1824 1906; x_wconf 87' lang='lat' dir='ltr'>caliginosi,</span> <span class='ocrx_word' id='word_1_412' title='bbox 1854 1829 2005 1910; x_wconf 87' lang='lat' dir='ltr'>propter</span> <span class='ocrx_word' id='word_1_413' title='bbox 2024 1845 2117 1913; x_wconf 90' lang='lat' dir='ltr'>quos</span> <span class='ocrx_word' id='word_1_414' title='bbox 2131 1845 2197 1892; x_wconf 90' lang='lat' dir='ltr'>nec</span> <span class='ocrx_word' id='word_1_415' title='bbox 2212 1824 2316 1894; x_wconf 89' lang='lat' dir='ltr'>color</span> 
     </span>
     <span class='ocr_line' id='line_1_66' title="bbox 1316 1913 2315 2013; baseline 0.017 -33"><span class='ocrx_word' id='word_1_416' title='bbox 1316 1935 1382 1981; x_wconf 91' lang='lat' dir='ltr'>nec</span> <span class='ocrx_word' id='word_1_417' title='bbox 1395 1913 1607 2004; x_wconf 89' lang='lat' dir='ltr'>magnitudo</span> <span class='ocrx_word' id='word_1_418' title='bbox 1623 1916 1812 1986; x_wconf 90' lang='lat' dir='ltr'>stellarum.</span> <span class='ocrx_word' id='word_1_419' title='bbox 1823 1919 1981 2012; x_wconf 91' lang='lat' dir='ltr'>conspici</span> <span class='ocrx_word' id='word_1_420' title='bbox 1997 1934 2125 2013; x_wconf 89' lang='lat' dir='ltr'>potest.</span> <span class='ocrx_word' id='word_1_421' title='bbox 2171 1924 2315 1997; x_wconf 88' lang='lat' dir='ltr'>Deinde</span> 
     </span>
     <span class='ocr_line' id='line_1_67' title="bbox 1315 2019 2316 2124; baseline 0.018 -42"><span class='ocrx_word' id='word_1_422' title='bbox 1315 2037 1403 2084; x_wconf 88' lang='lat' dir='ltr'>vero</span> <span class='ocrx_word' id='word_1_423' title='bbox 1433 2019 1478 2084; x_wconf 92' lang='lat' dir='ltr'>ad</span> <span class='ocrx_word' id='word_1_424' title='bbox 1510 2031 1783 2109; x_wconf 86' lang='lat' dir='ltr'>prorogatorem</span> <span class='ocrx_word' id='word_1_425' title='bbox 1806 2021 2026 2093; x_wconf 88' lang='lat' dir='ltr'>adsumenda</span> <span class='ocrx_word' id='word_1_426' title='bbox 2050 2037 2134 2096; x_wconf 89' lang='lat' dir='ltr'>sunt</span> <span class='ocrx_word' id='word_1_427' title='bbox 2156 2042 2316 2124; x_wconf 88' lang='lat' dir='ltr'>quatuor</span> 
     </span>
     <span class='ocr_line' id='line_1_68' title="bbox 1316 2119 2314 2214; baseline 0.02 -29"><span class='ocrx_word' id='word_1_428' title='bbox 1316 2119 1509 2210; x_wconf 88' lang='lat' dir='ltr'>praecipua</span> <span class='ocrx_word' id='word_1_429' title='bbox 1526 2120 1625 2204; x_wconf 90' lang='lat' dir='ltr'>loca,</span> <span class='ocrx_word' id='word_1_430' title='bbox 1652 2121 1817 2192; x_wconf 91' lang='lat' dir='ltr'>videlicet</span> <span class='ocrx_word' id='word_1_431' title='bbox 1832 2123 1944 2210; x_wconf 89' lang='lat' dir='ltr'>Solis,</span> <span class='ocrx_word' id='word_1_432' title='bbox 1969 2123 2114 2214; x_wconf 86' lang='lat' dir='ltr'>Lunae,</span> <span class='ocrx_word' id='word_1_433' title='bbox 2141 2126 2314 2205; x_wconf 58' lang='lat' dir='ltr'>horoscoss</span> 
     </span>
     <span class='ocr_line' id='line_1_69' title="bbox 1315 2219 2197 2316; baseline 0.015 -25"><span class='ocrx_word' id='word_1_434' title='bbox 1315 2245 1400 2316; x_wconf 89' lang='lat' dir='ltr'>pus,</span> <span class='ocrx_word' id='word_1_435' title='bbox 1426 2245 1510 2314; x_wconf 89' lang='lat' dir='ltr'>pars</span> <span class='ocrx_word' id='word_1_436' title='bbox 1524 2223 1711 2309; x_wconf 90' lang='lat' dir='ltr'>fortunae,</span> <span class='ocrx_word' id='word_1_437' title='bbox 1737 2219 1919 2297; x_wconf 89' lang='lat' dir='ltr'>ethorum</span> <span class='ocrx_word' id='word_1_438' title='bbox 1938 2231 2197 2306; x_wconf 89' lang='lat' dir='ltr'>dominatores.</span> 
     </span>
    </p>
   </div>
   <div class='ocr_carea' id='block_1_15' title="bbox 1418 2395 2314 2623">
    <p class='ocr_par' dir='ltr' id='par_1_21' title="bbox 1418 2395 2314 2623">
     <span class='ocr_line' id='line_1_70' title="bbox 1630 2395 2002 2488; baseline 0.013 -22"><span class='ocrx_word' id='word_1_439' title='bbox 1630 2397 1685 2466; x_wconf 84' lang='lat' dir='ltr'>De</span> <span class='ocrx_word' id='word_1_440' title='bbox 1706 2405 1806 2486; x_wconf 76' lang='lat' dir='ltr'>parte</span> <span class='ocrx_word' id='word_1_441' title='bbox 1827 2395 2002 2488; x_wconf 71' lang='lat' dir='ltr'>fenam.</span> 
     </span>
     <span class='ocr_line' id='line_1_71' title="bbox 1418 2529 2314 2623; baseline 0.016 -24"><span class='ocrx_word' id='word_1_442' title='bbox 1418 2529 1545 2600; x_wconf 88' lang='lat' dir='ltr'>Sumes</span> <span class='ocrx_word' id='word_1_443' title='bbox 1572 2543 1691 2600; x_wconf 91' lang='lat' dir='ltr'>autem</span> <span class='ocrx_word' id='word_1_444' title='bbox 1727 2543 1866 2623; x_wconf 89' lang='lat' dir='ltr'>partem</span> <span class='ocrx_word' id='word_1_445' title='bbox 1901 2535 2068 2605; x_wconf 88' lang='lat' dir='ltr'>fortunae</span> <span class='ocrx_word' id='word_1_446' title='bbox 2102 2561 2122 2606; x_wconf 87' lang='lat' dir='ltr'>a</span> <span class='ocrx_word' id='word_1_447' title='bbox 2157 2565 2314 2613; x_wconf 90' lang='lat' dir='ltr'>numero</span> 
     </span>
    </p>
   </div>
   <div class='ocr_carea' id='block_1_16' title="bbox 1244 2632 2316 2726">
    <p class='ocr_par' dir='ltr' id='par_1_22' title="bbox 1244 2632 2316 2726">
     <span class='ocr_line' id='line_1_72' title="bbox 1244 2632 2316 2726; baseline 0.015 -28"><span class='ocrx_word' id='word_1_448' title='bbox 1244 2717 1246 2722; x_wconf 23' lang='grc' dir='ltr'>Ι</span> <span class='ocrx_word' id='word_1_449' title='bbox 1315 2632 1492 2725; x_wconf 87' lang='lat' dir='ltr'>graduum</span> <span class='ocrx_word' id='word_1_450' title='bbox 1512 2632 1569 2703; x_wconf 92' lang='lat' dir='ltr'>die</span> <span class='ocrx_word' id='word_1_451' title='bbox 1587 2645 1622 2704; x_wconf 92' lang='lat' dir='ltr'>et</span> <span class='ocrx_word' id='word_1_452' title='bbox 1636 2646 1761 2719; x_wconf 92' lang='lat' dir='ltr'>nocte,</span> <span class='ocrx_word' id='word_1_453' title='bbox 1788 2659 1807 2704; x_wconf 90' lang='lat' dir='ltr'>a</span> <span class='ocrx_word' id='word_1_454' title='bbox 1825 2634 1907 2706; x_wconf 86' lang='lat' dir='ltr'>Sole</span> <span class='ocrx_word' id='word_1_455' title='bbox 1926 2637 1972 2706; x_wconf 88' lang='lat' dir='ltr'>ad</span> <span class='ocrx_word' id='word_1_456' title='bbox 1990 2636 2153 2726; x_wconf 87' lang='lat' dir='ltr'>Lunam,</span> <span class='ocrx_word' id='word_1_457' title='bbox 2185 2644 2236 2714; x_wconf 87' lang='lat' dir='ltr'>sic</span> <span class='ocrx_word' id='word_1_458' title='bbox 2259 2645 2316 2714; x_wconf 90' lang='lat' dir='ltr'>vi-</span> 
     </span>
    </p>
   </div>
   <div class='ocr_carea' id='block_1_17' title="bbox 1313 2735 2321 4791">
    <p class='ocr_par' dir='ltr' id='par_1_23' title="bbox 1313 2735 2321 4274">
     <span class='ocr_line' id='line_1_73' title="bbox 1315 2735 2317 2831; baseline 0.011 -25"><span class='ocrx_word' id='word_1_459' title='bbox 1315 2735 1459 2822; x_wconf 90' lang='lat' dir='ltr'>delicet,</span> <span class='ocrx_word' id='word_1_460' title='bbox 1494 2749 1554 2821; x_wconf 91' lang='lat' dir='ltr'>ut,</span> <span class='ocrx_word' id='word_1_461' title='bbox 1589 2750 1766 2831; x_wconf 91' lang='lat' dir='ltr'>quantum</span> <span class='ocrx_word' id='word_1_462' title='bbox 1790 2737 1925 2810; x_wconf 87' lang='lat' dir='ltr'>distant</span> <span class='ocrx_word' id='word_1_463' title='bbox 1943 2739 2005 2830; x_wconf 85' lang='lat' dir='ltr'>Sol</span> <span class='ocrx_word' id='word_1_464' title='bbox 2028 2753 2063 2811; x_wconf 93' lang='lat' dir='ltr'>et</span> <span class='ocrx_word' id='word_1_465' title='bbox 2077 2739 2201 2831; x_wconf 90' lang='lat' dir='ltr'>Luna,</span> <span class='ocrx_word' id='word_1_466' title='bbox 2231 2759 2317 2818; x_wconf 90' lang='lat' dir='ltr'>tan-</span> 
     </span>
     <span class='ocr_line' id='line_1_74' title="bbox 1316 2839 2317 2940; baseline 0.011 -30"><span class='ocrx_word' id='word_1_467' title='bbox 1316 2853 1393 2910; x_wconf 90' lang='lat' dir='ltr'>tum</span> <span class='ocrx_word' id='word_1_468' title='bbox 1417 2839 1614 2911; x_wconf 88' lang='lat' dir='ltr'>constituas</span> <span class='ocrx_word' id='word_1_469' title='bbox 1635 2839 1865 2912; x_wconf 91' lang='lat' dir='ltr'>intervallum</span> <span class='ocrx_word' id='word_1_470' title='bbox 1891 2841 1985 2912; x_wconf 88' lang='lat' dir='ltr'>inter</span> <span class='ocrx_word' id='word_1_471' title='bbox 2005 2839 2249 2940; x_wconf 91' lang='lat' dir='ltr'>horoscopum</span> <span class='ocrx_word' id='word_1_472' title='bbox 2277 2865 2317 2922; x_wconf 93' lang='lat' dir='ltr'>et</span> 
     </span>
     <span class='ocr_line' id='line_1_75' title="bbox 1315 2944 2316 3042; baseline 0.012 -31"><span class='ocrx_word' id='word_1_473' title='bbox 1315 2956 1454 3034; x_wconf 87' lang='lat' dir='ltr'>partem</span> <span class='ocrx_word' id='word_1_474' title='bbox 1477 2945 1664 3028; x_wconf 87' lang='lat' dir='ltr'>fortunae,</span> <span class='ocrx_word' id='word_1_475' title='bbox 1701 2944 1798 3014; x_wconf 83' lang='lat' dir='ltr'>iuxta</span> <span class='ocrx_word' id='word_1_476' title='bbox 1822 2946 2081 3017; x_wconf 87' lang='lat' dir='ltr'>successionem</span> <span class='ocrx_word' id='word_1_477' title='bbox 2104 2949 2316 3042; x_wconf 79' lang='lat' dir='ltr'>signorum3</span> 
     </span>
     <span class='ocr_line' id='line_1_76' title="bbox 1316 3045 2317 3146; baseline 0.01 -28"><span class='ocrx_word' id='word_1_478' title='bbox 1316 3071 1357 3118; x_wconf 85' lang='lat' dir='ltr'>ac</span> <span class='ocrx_word' id='word_1_479' title='bbox 1371 3046 1435 3118; x_wconf 88' lang='lat' dir='ltr'>ubi</span> <span class='ocrx_word' id='word_1_480' title='bbox 1449 3046 1530 3118; x_wconf 86' lang='lat' dir='ltr'>linis</span> <span class='ocrx_word' id='word_1_481' title='bbox 1547 3045 1616 3116; x_wconf 90' lang='lat' dir='ltr'>erit</span> <span class='ocrx_word' id='word_1_482' title='bbox 1631 3047 1706 3118; x_wconf 89' lang='lat' dir='ltr'>eius</span> <span class='ocrx_word' id='word_1_483' title='bbox 1719 3048 2018 3139; x_wconf 89' lang='lat' dir='ltr'>computationis,</span> <span class='ocrx_word' id='word_1_484' title='bbox 2042 3051 2072 3122; x_wconf 94' lang='lat' dir='ltr'>is</span> <span class='ocrx_word' id='word_1_485' title='bbox 2088 3052 2219 3146; x_wconf 91' lang='lat' dir='ltr'>gradus</span> <span class='ocrx_word' id='word_1_486' title='bbox 2235 3057 2317 3128; x_wconf 91' lang='lat' dir='ltr'>eius</span> 
     </span>
     <span class='ocr_line' id='line_1_77' title="bbox 1314 3149 2319 3251; baseline 0.004 -27"><span class='ocrx_word' id='word_1_487' title='bbox 1314 3149 1426 3241; x_wconf 85' lang='lat' dir='ltr'>signi,</span> <span class='ocrx_word' id='word_1_488' title='bbox 1453 3149 1532 3221; x_wconf 87' lang='lat' dir='ltr'>etis</span> <span class='ocrx_word' id='word_1_489' title='bbox 1548 3151 1649 3221; x_wconf 90' lang='lat' dir='ltr'>locus</span> <span class='ocrx_word' id='word_1_490' title='bbox 1673 3149 1741 3220; x_wconf 85' lang='lat' dir='ltr'>erit</span> <span class='ocrx_word' id='word_1_491' title='bbox 1761 3175 1845 3242; x_wconf 89' lang='lat' dir='ltr'>pars</span> <span class='ocrx_word' id='word_1_492' title='bbox 1865 3152 2044 3224; x_wconf 83' lang='lat' dir='ltr'>fortunae.</span> <span class='ocrx_word' id='word_1_493' title='bbox 2104 3157 2223 3250; x_wconf 80' lang='lat' dir='ltr'>Quem</span> <span class='ocrx_word' id='word_1_494' title='bbox 2246 3159 2319 3251; x_wconf 87' lang='lat' dir='ltr'>igi·</span> 
     </span>
     <span class='ocr_line' id='line_1_78' title="bbox 1314 3248 2316 3345; baseline 0.008 -19"><span class='ocrx_word' id='word_1_495' title='bbox 1314 3265 1375 3326; x_wconf 84' lang='lat' dir='ltr'>tur</span> <span class='ocrx_word' id='word_1_496' title='bbox 1389 3253 1547 3345; x_wconf 90' lang='lat' dir='ltr'>positum</span> <span class='ocrx_word' id='word_1_497' title='bbox 1563 3248 1671 3323; x_wconf 90' lang='lat' dir='ltr'>habet</span> <span class='ocrx_word' id='word_1_498' title='bbox 1678 3253 1741 3322; x_wconf 87' lang='lat' dir='ltr'>Sol</span> <span class='ocrx_word' id='word_1_499' title='bbox 1756 3255 1802 3322; x_wconf 89' lang='lat' dir='ltr'>ad</span> <span class='ocrx_word' id='word_1_500' title='bbox 1817 3249 2062 3341; x_wconf 83' lang='lat' dir='ltr'>horizontem,</span> <span class='ocrx_word' id='word_1_501' title='bbox 2089 3253 2185 3330; x_wconf 88' lang='lat' dir='ltr'>hunc</span> <span class='ocrx_word' id='word_1_502' title='bbox 2202 3258 2316 3334; x_wconf 88' lang='lat' dir='ltr'>habet</span> 
     </span>
     <span class='ocr_line' id='line_1_79' title="bbox 1314 3355 2317 3454; baseline 0.006 -28"><span class='ocrx_word' id='word_1_503' title='bbox 1314 3370 1351 3426; x_wconf 90' lang='lat' dir='ltr'>et</span> <span class='ocrx_word' id='word_1_504' title='bbox 1364 3355 1469 3426; x_wconf 92' lang='lat' dir='ltr'>Luna</span> <span class='ocrx_word' id='word_1_505' title='bbox 1487 3358 1533 3426; x_wconf 92' lang='lat' dir='ltr'>ad</span> <span class='ocrx_word' id='word_1_506' title='bbox 1555 3369 1695 3447; x_wconf 90' lang='lat' dir='ltr'>partem</span> <span class='ocrx_word' id='word_1_507' title='bbox 1719 3357 1909 3440; x_wconf 78' lang='lat' dir='ltr'>fortunae,</span> <span class='ocrx_word' id='word_1_508' title='bbox 1941 3371 1979 3428; x_wconf 90' lang='lat' dir='ltr'>et</span> <span class='ocrx_word' id='word_1_509' title='bbox 2002 3361 2071 3429; x_wconf 90' lang='lat' dir='ltr'>erit</span> <span class='ocrx_word' id='word_1_510' title='bbox 2093 3385 2178 3454; x_wconf 89' lang='lat' dir='ltr'>pars</span> <span class='ocrx_word' id='word_1_511' title='bbox 2196 3365 2317 3436; x_wconf 89' lang='lat' dir='ltr'>fortu-</span> 
     </span>
     <span class='ocr_line' id='line_1_80' title="bbox 1313 3455 2318 3552; baseline 0.01 -23"><span class='ocrx_word' id='word_1_512' title='bbox 1313 3483 1384 3530; x_wconf 91' lang='lat' dir='ltr'>nae</span> <span class='ocrx_word' id='word_1_513' title='bbox 1397 3459 1554 3530; x_wconf 90' lang='lat' dir='ltr'>Lunaris</span> <span class='ocrx_word' id='word_1_514' title='bbox 1569 3455 1805 3552; x_wconf 85' lang='lat' dir='ltr'>horoscopus.</span> <span class='ocrx_word' id='word_1_515' title='bbox 1857 3459 2087 3532; x_wconf 89' lang='lat' dir='ltr'>Considerari</span> <span class='ocrx_word' id='word_1_516' title='bbox 2108 3479 2228 3536; x_wconf 87' lang='lat' dir='ltr'>autern</span> <span class='ocrx_word' id='word_1_517' title='bbox 2249 3472 2318 3539; x_wconf 88' lang='lat' dir='ltr'>de-</span> 
     </span>
     <span class='ocr_line' id='line_1_81' title="bbox 1314 3564 2318 3657; baseline 0.008 -23"><span class='ocrx_word' id='word_1_518' title='bbox 1314 3565 1394 3646; x_wconf 91' lang='lat' dir='ltr'>bet,</span> <span class='ocrx_word' id='word_1_519' title='bbox 1420 3564 1519 3657; x_wconf 92' lang='lat' dir='ltr'>quod</span> <span class='ocrx_word' id='word_1_520' title='bbox 1535 3565 1658 3632; x_wconf 90' lang='lat' dir='ltr'>lumen</span> <span class='ocrx_word' id='word_1_521' title='bbox 1673 3576 1845 3657; x_wconf 89' lang='lat' dir='ltr'>sequatur</span> <span class='ocrx_word' id='word_1_522' title='bbox 1859 3564 2012 3634; x_wconf 89' lang='lat' dir='ltr'>alterum</span> <span class='ocrx_word' id='word_1_523' title='bbox 2025 3567 2062 3634; x_wconf 93' lang='lat' dir='ltr'>in</span> <span class='ocrx_word' id='word_1_524' title='bbox 2087 3571 2318 3642; x_wconf 86' lang='lat' dir='ltr'>successione</span> 
     </span>
     <span class='ocr_line' id='line_1_82' title="bbox 1314 3664 2319 3762; baseline 0.008 -26"><span class='ocrx_word' id='word_1_525' title='bbox 1314 3667 1514 3758; x_wconf 86' lang='lat' dir='ltr'>signorum.</span> <span class='ocrx_word' id='word_1_526' title='bbox 1566 3665 1605 3735; x_wconf 88' lang='lat' dir='ltr'>Si</span> <span class='ocrx_word' id='word_1_527' title='bbox 1619 3665 1715 3735; x_wconf 89' lang='lat' dir='ltr'>enim</span> <span class='ocrx_word' id='word_1_528' title='bbox 1737 3664 1841 3736; x_wconf 88' lang='lat' dir='ltr'>Luna</span> <span class='ocrx_word' id='word_1_529' title='bbox 1866 3669 2029 3762; x_wconf 88' lang='lat' dir='ltr'>sequitur</span> <span class='ocrx_word' id='word_1_530' title='bbox 2042 3671 2161 3741; x_wconf 85' lang='lat' dir='ltr'>Solem</span> <span class='ocrx_word' id='word_1_531' title='bbox 2186 3699 2319 3745; x_wconf 85' lang='lat' dir='ltr'>secun-</span> 
     </span>
     <span class='ocr_line' id='line_1_83' title="bbox 1315 3768 2319 3869; baseline 0.008 -30"><span class='ocrx_word' id='word_1_532' title='bbox 1315 3772 1401 3840; x_wconf 92' lang='lat' dir='ltr'>dum</span> <span class='ocrx_word' id='word_1_533' title='bbox 1417 3769 1675 3840; x_wconf 85' lang='lat' dir='ltr'>successionem</span> <span class='ocrx_word' id='word_1_534' title='bbox 1699 3768 1904 3861; x_wconf 86' lang='lat' dir='ltr'>signorum,</span> <span class='ocrx_word' id='word_1_535' title='bbox 1938 3785 2149 3844; x_wconf 89' lang='lat' dir='ltr'>numeretur</span> <span class='ocrx_word' id='word_1_536' title='bbox 2169 3790 2205 3846; x_wconf 90' lang='lat' dir='ltr'>et</span> <span class='ocrx_word' id='word_1_537' title='bbox 2227 3801 2319 3869; x_wconf 81' lang='lat' dir='ltr'>pars</span> 
     </span>
     <span class='ocr_line' id='line_1_84' title="bbox 1314 3868 2315 3964; baseline 0.008 -20"><span class='ocrx_word' id='word_1_538' title='bbox 1314 3875 1484 3944; x_wconf 90' lang='lat' dir='ltr'>fortunae</span> <span class='ocrx_word' id='word_1_539' title='bbox 1503 3875 1548 3943; x_wconf 88' lang='lat' dir='ltr'>ab</span> <span class='ocrx_word' id='word_1_540' title='bbox 1569 3868 1795 3964; x_wconf 82' lang='lat' dir='ltr'>horoscopo,</span> <span class='ocrx_word' id='word_1_541' title='bbox 1830 3877 2028 3946; x_wconf 86' lang='lat' dir='ltr'>secundum</span> <span class='ocrx_word' id='word_1_542' title='bbox 2050 3881 2315 3951; x_wconf 87' lang='lat' dir='ltr'>successionem</span> 
     </span>
     <span class='ocr_line' id='line_1_85' title="bbox 1315 3975 2318 4069; baseline 0.007 -23"><span class='ocrx_word' id='word_1_543' title='bbox 1315 3977 1514 4069; x_wconf 84' lang='lat' dir='ltr'>signorum.</span> <span class='ocrx_word' id='word_1_544' title='bbox 1561 3976 1633 4046; x_wconf 85' lang='lat' dir='ltr'>Sed</span> <span class='ocrx_word' id='word_1_545' title='bbox 1650 3977 1680 4046; x_wconf 89' lang='lat' dir='ltr'>si</span> <span class='ocrx_word' id='word_1_546' title='bbox 1694 3975 1797 4046; x_wconf 87' lang='lat' dir='ltr'>Luna</span> <span class='ocrx_word' id='word_1_547' title='bbox 1816 3979 1993 4048; x_wconf 91' lang='lat' dir='ltr'>antecedit</span> <span class='ocrx_word' id='word_1_548' title='bbox 2012 3979 2151 4065; x_wconf 90' lang='lat' dir='ltr'>Solem,</span> <span class='ocrx_word' id='word_1_549' title='bbox 2185 4006 2318 4053; x_wconf 84' lang='lat' dir='ltr'>nume-</span> 
     </span>
     <span class='ocr_line' id='line_1_86' title="bbox 1315 4077 2321 4175; baseline 0.009 -27"><span class='ocrx_word' id='word_1_550' title='bbox 1315 4092 1416 4150; x_wconf 85' lang='lat' dir='ltr'>retur</span> <span class='ocrx_word' id='word_1_551' title='bbox 1433 4092 1468 4148; x_wconf 92' lang='lat' dir='ltr'>et</span> <span class='ocrx_word' id='word_1_552' title='bbox 1482 4103 1569 4171; x_wconf 85' lang='lat' dir='ltr'>pars</span> <span class='ocrx_word' id='word_1_553' title='bbox 1580 4082 1748 4149; x_wconf 79' lang='lat' dir='ltr'>fortemne</span> <span class='ocrx_word' id='word_1_554' title='bbox 1768 4077 2052 4175; x_wconf 77' lang='lat' dir='ltr'>ab&#39;horoscope,</span> <span class='ocrx_word' id='word_1_555' title='bbox 2086 4096 2209 4154; x_wconf 84' lang='lat' dir='ltr'>contra</span> <span class='ocrx_word' id='word_1_556' title='bbox 2226 4091 2321 4170; x_wconf 65' lang='lat' dir='ltr'>{suc-</span> 
     </span>
     <span class='ocr_line' id='line_1_87' title="bbox 1315 4183 1722 4274; baseline 0 -21"><span class='ocrx_word' id='word_1_557' title='bbox 1315 4183 1508 4253; x_wconf 87' lang='lat' dir='ltr'>cessionem</span> <span class='ocrx_word' id='word_1_558' title='bbox 1524 4183 1722 4274; x_wconf 86' lang='lat' dir='ltr'>signorum.</span> 
     </span>
    </p>

    <p class='ocr_par' dir='ltr' id='par_1_24' title="bbox 1313 4279 2318 4791">
     <span class='ocr_line' id='line_1_88' title="bbox 1416 4279 2317 4382; baseline 0.008 -28"><span class='ocrx_word' id='word_1_559' title='bbox 1416 4285 1594 4358; x_wconf 82' lang='lat' dir='ltr'>Fortassis</span> <span class='ocrx_word' id='word_1_560' title='bbox 1623 4299 1742 4355; x_wconf 73' lang='lat' dir='ltr'>cautem</span> <span class='ocrx_word' id='word_1_561' title='bbox 1778 4287 1871 4356; x_wconf 90' lang='lat' dir='ltr'>idem</span> <span class='ocrx_word' id='word_1_562' title='bbox 1896 4283 1964 4358; x_wconf 92' lang='lat' dir='ltr'>hoc</span> <span class='ocrx_word' id='word_1_563' title='bbox 1988 4279 2084 4358; x_wconf 81' lang='lat' dir='ltr'>valet</span> <span class='ocrx_word' id='word_1_564' title='bbox 2105 4293 2200 4382; x_wconf 91' lang='lat' dir='ltr'>apud</span> <span class='ocrx_word' id='word_1_565' title='bbox 2225 4294 2317 4361; x_wconf 89' lang='lat' dir='ltr'>scri-</span> 
     </span>
     <span class='ocr_line' id='line_1_89' title="bbox 1313 4389 2318 4482; baseline 0.007 -23"><span class='ocrx_word' id='word_1_566' title='bbox 1313 4403 1474 4482; x_wconf 83' lang='lat' dir='ltr'>ptorem,</span> <span class='ocrx_word' id='word_1_567' title='bbox 1507 4402 1617 4460; x_wconf 89' lang='lat' dir='ltr'>noctu</span> <span class='ocrx_word' id='word_1_568' title='bbox 1639 4390 1734 4459; x_wconf 88' lang='lat' dir='ltr'>natis</span> <span class='ocrx_word' id='word_1_569' title='bbox 1757 4389 1897 4460; x_wconf 83' lang='lat' dir='ltr'>aerna</span> <span class='ocrx_word' id='word_1_570' title='bbox 1915 4394 1960 4460; x_wconf 95' lang='lat' dir='ltr'>ad</span> <span class='ocrx_word' id='word_1_571' title='bbox 1977 4391 2097 4462; x_wconf 88' lang='lat' dir='ltr'>Solem</span> <span class='ocrx_word' id='word_1_572' title='bbox 2114 4417 2318 4466; x_wconf 86' lang='lat' dir='ltr'>numeran-</span> 
     </span>
     <span class='ocr_line' id='line_1_90' title="bbox 1314 4490 2316 4585; baseline 0.007 -23"><span class='ocrx_word' id='word_1_573' title='bbox 1314 4497 1401 4564; x_wconf 90' lang='lat' dir='ltr'>dum</span> <span class='ocrx_word' id='word_1_574' title='bbox 1423 4518 1517 4578; x_wconf 89' lang='lat' dir='ltr'>esse,</span> <span class='ocrx_word' id='word_1_575' title='bbox 1556 4505 1594 4562; x_wconf 87' lang='lat' dir='ltr'>et</span> <span class='ocrx_word' id='word_1_576' title='bbox 1618 4505 1761 4562; x_wconf 90' lang='lat' dir='ltr'>econtra</span> <span class='ocrx_word' id='word_1_577' title='bbox 1787 4494 1832 4562; x_wconf 91' lang='lat' dir='ltr'>ab</span> <span class='ocrx_word' id='word_1_578' title='bbox 1856 4490 2058 4585; x_wconf 90' lang='lat' dir='ltr'>horoscopo</span> <span class='ocrx_word' id='word_1_579' title='bbox 2082 4509 2206 4564; x_wconf 87' lang='lat' dir='ltr'>contra</span> <span class='ocrx_word' id='word_1_580' title='bbox 2232 4523 2316 4568; x_wconf 87' lang='lat' dir='ltr'>suc-</span> 
     </span>
     <span class='ocr_line' id='line_1_91' title="bbox 1313 4596 2316 4690; baseline 0.006 -24"><span class='ocrx_word' id='word_1_581' title='bbox 1313 4597 1507 4669; x_wconf 86' lang='lat' dir='ltr'>cessionem</span> <span class='ocrx_word' id='word_1_582' title='bbox 1532 4596 1735 4688; x_wconf 88' lang='lat' dir='ltr'>signorum:</span> <span class='ocrx_word' id='word_1_583' title='bbox 1770 4597 1820 4666; x_wconf 88' lang='lat' dir='ltr'>sic</span> <span class='ocrx_word' id='word_1_584' title='bbox 1846 4598 1950 4666; x_wconf 76' lang='lat' dir='ltr'>idern.</span> <span class='ocrx_word' id='word_1_585' title='bbox 1971 4597 2041 4666; x_wconf 88' lang='lat' dir='ltr'>erit</span> <span class='ocrx_word' id='word_1_586' title='bbox 2067 4599 2168 4669; x_wconf 83' lang='lat' dir='ltr'>locus</span> <span class='ocrx_word' id='word_1_587' title='bbox 2196 4605 2316 4690; x_wconf 88' lang='lat' dir='ltr'>partis</span> 
     </span>
     <span class='ocr_line' id='line_1_92' title="bbox 1313 4700 2189 4791; baseline 0.005 -24"><span class='ocrx_word' id='word_1_588' title='bbox 1313 4702 1499 4784; x_wconf 84' lang='lat' dir='ltr'>fortunae,</span> <span class='ocrx_word' id='word_1_589' title='bbox 1525 4711 1559 4770; x_wconf 91' lang='lat' dir='ltr'>et</span> <span class='ocrx_word' id='word_1_590' title='bbox 1572 4703 1696 4770; x_wconf 88' lang='lat' dir='ltr'>eadem</span> <span class='ocrx_word' id='word_1_591' title='bbox 1711 4701 1805 4770; x_wconf 88' lang='lat' dir='ltr'>ratio</span> <span class='ocrx_word' id='word_1_592' title='bbox 1820 4700 1958 4791; x_wconf 88' lang='lat' dir='ltr'>positus</span> <span class='ocrx_word' id='word_1_593' title='bbox 1975 4701 2189 4782; x_wconf 84' lang='lat' dir='ltr'>invenietur.</span> 
     </span>
    </p>
   </div>
   <div class='ocr_carea' id='block_1_18' title="bbox 1584 4847 2058 4962">
    <p class='ocr_par' dir='ltr' id='par_1_25' title="bbox 1584 4847 2058 4962">
     <span class='ocr_line' id='line_1_93' title="bbox 1584 4847 2058 4962; baseline 0.006 -20"><span class='ocrx_word' id='word_1_594' title='bbox 1584 4873 1668 4956; x_wconf 80' lang='lat' dir='ltr'>Quor</span> <span class='ocrx_word' id='word_1_595' title='bbox 1691 4873 1762 4942; x_wconf 79' lang='lat' dir='ltr'>rint</span> <span class='ocrx_word' id='word_1_596' title='bbox 1782 4883 2030 4962; x_wconf 69' lang='lat' dir='ltr'>prorogatores.</span> <span class='ocrx_word' id='word_1_597' title='bbox 2052 4847 2058 4858; x_wconf 33' lang='grc' dir='ltr'>Ι</span> 
     </span>
    </p>
   </div>
   <div class='ocr_carea' id='block_1_19' title="bbox 1311 5006 2314 5516">
    <p class='ocr_par' dir='ltr' id='par_1_26' title="bbox 1311 5006 2314 5516">
     <span class='ocr_line' id='line_1_94' title="bbox 1414 5006 2314 5093; baseline 0.007 -15"><span class='ocrx_word' id='word_1_598' title='bbox 1414 5006 1574 5080; x_wconf 89' lang='lat' dir='ltr'>Interdiu</span> <span class='ocrx_word' id='word_1_599' title='bbox 1592 5007 1656 5078; x_wconf 90' lang='lat' dir='ltr'>sot</span> <span class='ocrx_word' id='word_1_600' title='bbox 1670 5009 1923 5080; x_wconf 82' lang='lat' dir='ltr'>anteferendus</span> <span class='ocrx_word' id='word_1_601' title='bbox 1943 5023 2013 5093; x_wconf 87' lang='lat' dir='ltr'>est,</span> <span class='ocrx_word' id='word_1_602' title='bbox 2044 5009 2077 5078; x_wconf 87' lang='lat' dir='ltr'>si</span> <span class='ocrx_word' id='word_1_603' title='bbox 2097 5022 2219 5082; x_wconf 86' lang='lat' dir='ltr'>tamen</span> <span class='ocrx_word' id='word_1_604' title='bbox 2239 5014 2314 5084; x_wconf 86' lang='lat' dir='ltr'>erit</span> 
     </span>
     <span class='ocr_line' id='line_1_95' title="bbox 1313 5109 2313 5204; baseline 0.006 -24"><span class='ocrx_word' id='word_1_605' title='bbox 1313 5111 1351 5182; x_wconf 92' lang='lat' dir='ltr'>in</span> <span class='ocrx_word' id='word_1_606' title='bbox 1376 5109 1463 5183; x_wconf 90' lang='lat' dir='ltr'>locis</span> <span class='ocrx_word' id='word_1_607' title='bbox 1485 5112 1758 5204; x_wconf 85' lang='lat' dir='ltr'>prorogatoriis.</span> <span class='ocrx_word' id='word_1_608' title='bbox 1824 5113 1893 5183; x_wconf 88' lang='lat' dir='ltr'>Sed</span> <span class='ocrx_word' id='word_1_609' title='bbox 1916 5114 1946 5184; x_wconf 87' lang='lat' dir='ltr'>si</span> <span class='ocrx_word' id='word_1_610' title='bbox 1969 5135 2044 5181; x_wconf 87' lang='lat' dir='ltr'>non</span> <span class='ocrx_word' id='word_1_611' title='bbox 2070 5113 2139 5182; x_wconf 88' lang='lat' dir='ltr'>erit</span> <span class='ocrx_word' id='word_1_612' title='bbox 2159 5114 2196 5182; x_wconf 86' lang='lat' dir='ltr'>in</span> <span class='ocrx_word' id='word_1_613' title='bbox 2219 5114 2313 5187; x_wconf 83' lang='lat' dir='ltr'>loris</span> 
     </span>
     <span class='ocr_line' id='line_1_96' title="bbox 1312 5212 2313 5312; baseline 0.005 -28"><span class='ocrx_word' id='word_1_614' title='bbox 1312 5214 1592 5306; x_wconf 86' lang='lat' dir='ltr'>prorogatoriis,</span> <span class='ocrx_word' id='word_1_615' title='bbox 1617 5212 1721 5284; x_wconf 89' lang='lat' dir='ltr'>Luna</span> <span class='ocrx_word' id='word_1_616' title='bbox 1737 5229 1912 5291; x_wconf 84' lang='lat' dir='ltr'>sumet-ur.</span> <span class='ocrx_word' id='word_1_617' title='bbox 1961 5216 2027 5286; x_wconf 79' lang='lat' dir='ltr'>sto</span> <span class='ocrx_word' id='word_1_618' title='bbox 2048 5227 2166 5286; x_wconf 91' lang='lat' dir='ltr'>nutem</span> <span class='ocrx_word' id='word_1_619' title='bbox 2188 5237 2313 5312; x_wconf 78' lang='lat' dir='ltr'>neque</span> 
     </span>
     <span class='ocr_line' id='line_1_97' title="bbox 1311 5313 2312 5414; baseline 0.004 -26"><span class='ocrx_word' id='word_1_620' title='bbox 1311 5313 1406 5388; x_wconf 83' lang='lat' dir='ltr'>hauc</span> <span class='ocrx_word' id='word_1_621' title='bbox 1418 5343 1558 5390; x_wconf 86' lang='lat' dir='ltr'>sumere</span> <span class='ocrx_word' id='word_1_622' title='bbox 1573 5343 1782 5410; x_wconf 87' lang='lat' dir='ltr'>possumus,</span> <span class='ocrx_word' id='word_1_623' title='bbox 1807 5319 1971 5410; x_wconf 87' lang='lat' dir='ltr'>planetas</span> <span class='ocrx_word' id='word_1_624' title='bbox 1985 5319 2136 5402; x_wconf 84' lang='lat' dir='ltr'>sumito,</span> <span class='ocrx_word' id='word_1_625' title='bbox 2162 5315 2225 5414; x_wconf 84' lang='lat' dir='ltr'>qui</span> <span class='ocrx_word' id='word_1_626' title='bbox 2242 5347 2312 5414; x_wconf 90' lang='lat' dir='ltr'>po-</span> 
     </span>
     <span class='ocr_line' id='line_1_98' title="bbox 1311 5417 2313 5516; baseline 0.004 -26"><span class='ocrx_word' id='word_1_627' title='bbox 1311 5421 1440 5494; x_wconf 84' lang='lat' dir='ltr'>tiorem</span> <span class='ocrx_word' id='word_1_628' title='bbox 1457 5417 1591 5496; x_wconf 81' lang='lat' dir='ltr'>habent</span> <span class='ocrx_word' id='word_1_629' title='bbox 1606 5422 1783 5492; x_wconf 88' lang='lat' dir='ltr'>rationem</span> <span class='ocrx_word' id='word_1_630' title='bbox 1802 5422 1974 5508; x_wconf 89' lang='lat' dir='ltr'>dominii,</span> <span class='ocrx_word' id='word_1_631' title='bbox 2001 5423 2149 5494; x_wconf 82' lang='lat' dir='ltr'>collatos</span> <span class='ocrx_word' id='word_1_632' title='bbox 2176 5425 2220 5492; x_wconf 90' lang='lat' dir='ltr'>ad</span> <span class='ocrx_word' id='word_1_633' title='bbox 2240 5447 2313 5516; x_wconf 79' lang='lat' dir='ltr'>po-</span> 
     </span>
    </p>
   </div>
   <div class='ocr_carea' id='block_1_20' title="bbox 0 0 2426 6118">
    <p class='ocr_par' dir='ltr' id='par_1_27' title="bbox 0 0 2426 6118">
     <span class='ocr_line' id='line_1_99' title="bbox 0 0 2426 6118; baseline 0 0"><span class='ocrx_word' id='word_1_634' title='bbox 0 0 2426 6118; x_wconf 95' lang='lat' dir='ltr'> </span> 
     </span>
    </p>
   </div>
  </div>
 </body>
</html>
